2498 3880
1224 1 1228 78 1

444 150 736 208 anscausus.
979 195 1004 246 ,
1035 152 1098 217 196

125 364 142 372 -
160 345 206 372 ou
224 364 242 373 -
259 345 305 372 υυ
323 364 341 373 -
358 344 403 373 uu
425 335 491 378 non
515 315 688 400 ergastilus
711 337 805 380 unus.
1109 307 1167 379 366
1230 307 1231 332 ³

1231 408 1232 434 1

123 456 189 521 scit
211 455 381 539 poceticon
405 477 489 540 esse,
512 455 602 522 uidet
623 457 734 522 tunica
757 460 790 521 ct
813 461 892 541 toga
915 456 992 543 quid
1015 459 1067 523 sit.
1113 465 1170 521 366

123 596 292 683 paenula,
317 599 344 662 si
368 598 509 682 quaeris,
534 598 732 682 cantherius,
756 620 882 683 seruos,
906 604 1053 686 segestra
1112 606 1168 662 367

124 686 241 752 utilior
264 686 345 750 mihi
369 709 466 772 quarn
490 685 641 772 sapiens?

126 829 226 912 hunc,
249 828 333 893 milli
356 850 490 913 passum
514 830 569 912 qui
592 830 708 893 uicerit
732 834 828 913 atque
852 829 991 913 duobus,
1113 837 1169 893 666

124 915 314 1001 Campanus
338 917 468 1002 sonipes
492 938 662 983 succussor
684 918 792 982 nullus
817 923 969 1002 sequetur

125 1006 250 1071 maiore
274 1007 308 1070 in
332 1007 439 1092 spatio
463 1028 501 1070 ac
525 1005 671 1070 diuersus
695 1007 860 1071 uidebitur
882 1007 937 1074 ire.

125 1115 252 1213 trulcus
274 1169 335 1233 pro
359 1147 497 1213 stomidc
519 1148 596 1213 huic
619 1149 735 1235 ingens
759 1148 797 1212 de
819 1149 952 1214 naribus
971 1150 1099 1234 pendet.
1111 1156 1170 1212 366

125 1290 248 1356 subicit
269 1291 345 1355 huic
367 1290 525 1356 humilem
549 1295 582 1355 et
605 1290 788 1356 suffercitus
812 1292 1034 1376 posteriorem.
1111 1299 1170 1356 676

125 1455 200 1498 curn
223 1436 331 1498 tecum
355 1435 417 1516 est,
440 1432 568 1518 quiduis
593 1433 673 1497 satis
697 1434 761 1517 est,
784 1432 887 1497 uisuri
910 1434 1009 1498 alieni
1112 1440 1168 1496 371

126 1522 179 1586 sin
201 1521 364 1606 homines,
388 1522 493 1606 spiras
516 1521 641 1606 pallam
664 1521 854 1588 redimicula
877 1523 1009 1606 promit.

77 1682 181 1734 monet
208 1678 379 1748 parsimonia
406 1694 466 1733 esse
499 1677 634 1733 utendum
667 1694 758 1747 neque
785 1679 868 1748 gulae
896 1679 1098 1749 indulgendum

78 1752 265 1819 neutramque
285 1750 488 1820 coartandum}
506 1754 520 1802 1
540 1748 635 1804 bibere
653 1748 774 1805 Paulus:
793 1749 889 1805 uiuere
908 1752 984 1807 codd.
1004 1752 1096 1825 Norat

77 1821 175 1876 uentri
196 1821 318 1876 Paulus:
336 1820 443 1874 uentris
462 1821 539 1876 codd.
558 1820 633 1875 Nou.
658 1821 663 1890 1
688 1826 703 1876 6
729 1819 793 1875 olea
815 1820 894 1888 (Octo
916 1823 950 1876 dc
966 1840 989 1876 r.
1009 1841 1032 1877 r,
1052 1827 1097 1892 68)

76 1893 206 2018 ffmi‘u
223 1891 376 2018 6161631161.
400 1892 465 2016 eltae
488 1891 605 2017 sfflf„
615 1890 699 1976 oleris
721 1891 835 2017 chtm.
859 1891 1043 2018 &iiiam
1065 1901 1097 1950 st.

81 1967 818 2106 7616666φέ113οἷιᾝηοαῖζᾶαῗιῖῑιῗῖρῖαρεῖ
837 1966 971 2159 1866161166)
991 1965 1000 2101 ΙΙ
1022 1982 1100 2105 {igr}

79 2107 186 2174 Marc)
209 2107 219 2174 1
242 2110 293 2159 666
311 2105 385 2160 Nou.
405 2111 466 2172 447,
486 2111 503 2159 4
522 2105 697 2174 ergastylum
716 2105 746 2160 et
764 2121 845 2174 ergas
859 2105 923 2174 ylus
942 2147 948 2160 .
965 2149 971 2162 .
991 2124 1099 2162 mascn-

76 2177 140 2232 lino
159 2180 255 2230 custos
274 2175 403 2245 poenalis
420 2175 485 2231 loci.
504 2176 535 2230 L.
555 2175 605 2230 lib.
625 2175 676 2230 XV
692 2178 697 2244 1
714 2175 865 2245 ergastilns
884 2181 917 2230 G:
942 2178 1098 2246 ergastclus

76 2254 99 2300 1.
117 2265 154 2302 m.
171 2253 195 2317 1,
215 2245 373 2317 ergastylus
390 2253 456 2302 m.2
476 2264 538 2302 eum
555 2252 581 2299 Η
605 2247 610 2317 1
634 2263 704 2316 quac
721 2251 851 2301 secuntur
869 2249 947 2316 apud
964 2248 1098 2318 Nonium,

77 2337 98 2374 a
116 2318 231 2374 Lucilio
249 2323 318 2373 recte
335 2319 479 2387 separauit
496 2317 613 2388 Lipsius
630 2321 640 2388 1
661 2321 713 2372 666
730 2317 803 2373 Non.
820 2322 880 2385 536,
902 2323 933 2372 17
953 2320 1049 2374 tunica
1069 2363 1097 2375 ..

76 2389 156 2444 idern
175 2389 225 2444 lib.
239 2389 304 2455 XV;
324 2390 358 2456 cf.
376 2389 527 2444 OKcllerus
544 2406 579 2446 m.
594 2389 648 2444 Ra.
663 2394 707 2457 31,
727 2393 787 2455 146,
808 2389 897 2445 Marc
910 2394 942 2444 st.
958 2390 1026 2446 Ince.
1041 2397 1076 2447 66
1093 2391 1097 2464 1

78 2460 216 2530 poeticen
235 2461 311 2516 codd.
330 2459 480 2529 assaumis
499 2461 605 2516 Iunius
629 2469 633 2528 1
657 2460 784 2515 tunicam
802 2461 893 2528 66666,
912 2478 982 2517 corr.
1001 2463 1098 2535 1666111

77 2537 132 2586 667
147 2531 221 2587 Non.
234 2537 295 2598 667,
307 2537 321 2586 7
336 2531 458 2600 paenula
474 2574 497 2586 ..
511 2532 542 2585 L.
553 2534 605 2587 sat.
615 2531 663 2587 lib.
674 2529 726 2584 XV
741 2532 746 2601 1
761 2530 912 2600 paenulam
926 2533 1013 2602 codd,
1028 2549 1097 2590 corr.

76 2603 209 2667 Iuratust
230 2618 327 2656 seruus
346 2603 422 2658 codd.
444 2605 448 2670 1
469 2604 592 2672 segestro
612 2603 704 2667 666166,
728 2618 796 2658 corr.
817 2602 1044 2660 Freneteausss
1064 2610 1098 2661 66

77 2675 169 2742 (edict.
181 2673 270 2728 Dicet.
281 2678 306 2740 6,
316 2675 362 2742 46)
379 2677 383 2743 1
399 2673 514 2728 utiliora
523 2672 593 2728 mihi
607 2674 674 2728 sunt
682 2673 794 2728 Lactm.
811 2676 815 2736 1
832 2674 972 2744 sapientia
982 2676 1099 2747 11666611

77 2750 132 2799 666
152 2744 222 2799 Gen.
240 2743 253 2797 I
274 2750 316 2811 16,
336 2749 369 2799 16
387 2743 510 2800 Lucilius
531 2785 558 2799 ..
578 2745 608 2798 in
626 2744 676 2798 lib.
695 2743 747 2798 XV
766 2745 868 2813 (Mser.
888 2744 901 2797 I
919 2750 949 2813 6,
969 2751 999 2815 7;
1023 2746 1097 2802 Non.

79 2824 124 2884 16,
140 2820 174 2870 67
191 2841 224 2861 =
239 2817 265 2884 6)
282 2817 287 2887 1
304 2821 318 2869 1
338 2815 411 2869 milli
429 2815 520 2872 Mass.
539 2817 621 2871 Pan:
641 2815 719 2870 mille
737 2816 815 2872 codd.
835 2815 902 2871 Geel.
923 2833 984 2872 erun
1004 2819 1097 2874 Macr.

76 2887 179 2943 Bamb.
206 2891 210 2954 1
236 2893 251 2941 6
281 2903 428 2941 succussor
455 2888 531 2943 cedd.
555 2887 643 2942 Nora:
663 2886 818 2941 succustior
842 2887 918 2942 codd.
942 2888 1010 2944 Gall.
1034 2889 1099 2944 sub·

77 2974 178 3014 cursor
200 2959 292 3014 Maur.
325 2971 329 3025 1
359 2957 451 3014 nullos
480 2958 569 3014 Mser.
599 2959 697 3013 Bamb.
728 2961 732 3021 Ι
761 2957 792 3012 in
818 2973 869 3013 cm.
899 2960 974 3014 codd.
1005 2961 1097 3016 Mser.

12 3029 14 3044 '
77 3027 193 3100 (maiori
208 3032 306 3100 pauca)
325 3034 331 3097 1
351 3029 393 3083 ire
413 3030 516 3084 Macra
538 3045 588 3084 om.
608 3029 685 3084 codd.
705 3028 773 3084 Gall.
797 3029 807 3098 11
830 3033 882 3083 666
901 3029 975 3087 Nou,
995 3035 1044 3097 66,
1063 3036 1098 3085 66

76 3101 232 3172 prostomis
262 3098 411 3172 [postomia
438 3101 529 3173 66661]
551 3144 556 3156 .
575 3144 580 3154 .
599 3100 717 3169 ferrum,
746 3099 822 3168 quod
849 3101 884 3154 ad
913 3101 1099 3157 cohibendam

77 3189 217 3241 equorum
235 3171 375 3227 tenaciam
394 3171 508 3226 naribus
532 3171 579 3227 uel
601 3172 706 3226 morsui
730 3171 895 3239 imponitur,
911 3188 1017 3240 graece
1041 3167 1098 3227 ἀπὸ

77 3244 130 3298 τοῦ
154 3240 298 3314 στόματος.
332 3242 363 3296 L.
387 3241 436 3296 lib.
460 3241 512 3297 XV
538 3246 542 3309 1
567 3243 673 3298 trulem
696 3241 855 3312 postomide
878 3243 956 3297 codd.
979 3244 1098 3299 trulleus

77 3331 130 3384 pro
151 3315 271 3370 stomide
290 3313 444 3370 Salmasius
467 3316 513 3381 (ut
538 3316 570 3370 ia
588 3315 709 3369 lemmate
728 3311 841 3381 atomis)
864 3313 874 3382 11
897 3319 949 3368 676
971 3314 1098 3372 66117

80 3392 122 3453 17,
142 3391 159 3440 6
183 3386 252 3441 item
271 3386 322 3441 XV
351 3416 384 3426 -
415 3384 540 3440 ‘subicit'
565 3403 584 3438 u
607 3383 704 3440 littera
727 3384 813 3452 longa
837 3385 842 3453 1
869 3384 994 3442 suffercit
1015 3387 1098 3441 Mad·

79 3459 110 3513 61
129 3458 174 3513 ius
196 3460 206 3526 11
229 3463 278 3512 671
297 3458 371 3512 Non.
391 3460 451 3524 667,
471 3461 504 3510 66
524 3457 604 3526 pulla
623 3496 629 3509 .
646 3499 652 3511 .
667 3457 697 3510 L.
718 3457 768 3512 sat.
788 3453 837 3508 lib.
857 3454 908 3509 XV
931 3458 936 3526 1
960 3464 973 3511 1
994 3459 1099 3526 spiram

79 3473 173 3599 peiles
188 3529 276 3594 codd„
289 3545 358 3584 corr.
373 3528 473 3583 Deuca
489 3529 493 3595 1
509 3534 524 3581 6
541 3528 583 3582 sin
597 3529 711 3597 scripsi:
729 3526 786 3581 sint
799 3527 877 3583 codd.
892 3529 958 3582 sunt
971 3529 1030 3584 edd.
1044 3531 1097 3581 aet.

133 3627 288 3668 susannam
304 3637 438 3668 rossanus
452 3635 613 3668 sonasonun.
904 3619 937 3667 13
