2470 3898
604 118 635 184 Q.
655 116 800 172 ENNIUS.

282 304 380 366 quam
403 302 480 345 mox
505 280 634 345 emittat
657 280 753 362 pictis
778 301 794 345 e
818 278 967 345 faucibus
991 301 1123 346 currus:

281 371 328 435 sic
352 369 562 455 exspectabat
584 369 722 454 populus
747 372 844 453 atque
868 390 926 433 ora
950 369 1100 453 tenebat,

280 459 378 523 rebus
404 459 469 522 utri
493 458 604 542 magni
626 457 766 522 uictoria
789 457 834 521 sit
857 456 934 522 data
958 458 1061 544 regni.
1097 479 1104 490 ·

279 548 404 612 interea
427 547 499 612 sola
523 568 634 612 currus
658 545 792 611 recessit
814 545 849 609 in
871 545 978 610 infera
1001 545 1130 630 Noctis,

211 654 222 667 '
280 637 355 702 exin
378 635 517 701 candida
541 656 575 700 sc
598 634 697 700 radiis
722 633 810 699 dedit
833 637 906 699 acta
929 633 1018 699 foras
1042 635 1113 718 lux,

281 729 314 789 ct
337 725 434 790 simul
459 747 497 788 ex
523 725 589 789 alto
614 724 711 809 longe
734 722 963 806 pulcherruma
985 744 1125 808 praepes

280 813 385 878 multa
408 811 535 878 uelauit
559 811 643 896 auis3
668 810 765 877 simul
789 833 906 877 aureus
930 811 1077 877 exoritur
1101 812 1163 894 sol,

281 902 398 968 cedunt
422 903 461 967 de
486 901 575 966 caelo
598 904 650 965 ter
674 904 814 984 quatuor
837 921 975 985 corpora
998 904 1114 965 sancta

280 991 403 1075 auium,
427 989 637 1075 praepetibus
662 1010 732 1054 sese
755 989 942 1073 pulcrisque
965 988 1046 1054 locis
1071 989 1162 1072 dant,

469 1120 486 1158 ss
692 1119 709 1157 ss
915 1117 933 1156 ’t‘

192 1222 226 1271 20
280 1204 439 1288 conspicit
462 1203 536 1267 inde
560 1202 623 1267 sibi
647 1203 724 1266 daia
746 1201 904 1266 Romulus
929 1223 1000 1266 esse
1023 1203 1148 1287 priora,

281 1294 425 1379 auspicio
449 1291 543 1379 regni
567 1290 715 1356 stabilita
739 1311 871 1354 scamna
894 1290 1073 1374 solumque.

139 1437 191 1495 55⁸
258 1434 388 1503 Sernins
411 1435 455 1500 ad
482 1432 729 1498 Aen.11146:
757 1431 915 1497 Romulus
945 1436 1080 1517 captato
1109 1451 1199 1516 augu-

192 1527 241 1591 rio
274 1524 404 1589 hastam
437 1523 475 1586 dc
503 1521 670 1587 Auentino
703 1525 813 1586 monte
845 1521 880 1584 in
907 1520 1096 1586 Palatinum
1124 1520 1199 1602 iecit,

192 1636 275 1701 quac
298 1613 363 1678 fixa
385 1611 530 1676 fronduit
553 1616 585 1675 et
609 1611 758 1675 arborem
780 1610 867 1674 fecit.
939 1661 950 1680 .

140 1757 178 1813 56
281 1758 333 1820 ast
355 1753 422 1837 hic,
453 1774 549 1838 quem
577 1774 662 1817 nunc
691 1755 728 1816 tu
751 1753 820 1815 tem
843 1749 983 1816 toruiter
1006 1749 1199 1837 increpuisti.

140 1901 175 1958 17
281 1896 437 1981 Iuppiter,
460 1900 498 1960 ut
516 1915 610 1959 muro
629 1894 732 1959 fretus
751 1895 855 1978 magis
875 1893 1013 1978 quamde
1035 1916 1136 1960 manu
1158 1894 1198 1957 sa!

191 2059 405 2070 ———-—.-----.--

193 2150 225 2199 11
249 2162 335 2214 quam
357 2141 554 2212 Erinnpencis:
579 2156 634 2207 qua
657 2137 734 2194 codd.
762 2139 812 2208 (ef.
837 2137 939 2194 Fertne
962 2145 1013 2194 261
1041 2155 1128 2209 quam
1146 2153 1201 2191 mor

192 2215 334 2286 significet
353 2229 437 2283 quam
456 2212 523 2279 cito)
554 2211 559 2281 Ι
589 2215 621 2265 12
642 2226 689 2264 ore
712 2208 834 2264 timebat
858 2208 951 2279 (bant
969 2213 1004 2280 Η)
1025 2212 1118 2279 cedet,
1140 2225 1200 2265 corr.

191 2289 335 2342 deteriores
364 2293 368 2352 1
399 2290 432 2339 13
451 2288 515 2339 ante
538 2282 620 2337 rebus
645 2283 719 2352 (poci
737 2282 836 2352 natac)
860 2281 1036 2350 interpunnit
1055 2281 1201 2338 Peerlkam-

187 2359 256 2426 pinc
274 2356 353 2448 Vcrp.
371 2354 442 2425 Hp.
459 2358 510 2410 341
550 2356 667 2408 tincta
690 2352 884 2418 Watefictdm:
903 2351 961 2408 icta
979 2353 1057 2409 codd.
1075 2356 1133 2422 118
1151 2350 1202 2405 sole

192 2443 287 2481 currus
302 2427 329 2495 (c
338 2428 397 2496 rus)
411 2426 512 2494 scripsi
566 2425 656 2480 eckeic.
672 2441 738 2479 ann.
755 2428 825 2478 1884
833 2441 864 2494 p.
877 2428 943 2479 838:
958 2424 1001 2478 sol
1014 2424 1098 2480 albus
1112 2423 1184 2481 codd.
1197 2420 1201 2490 Ι

191 2498 282 2552 noctis
300 2497 385 2567 milpc
403 2497 488 2565 (qnod
503 2511 557 2566 pro
575 2497 748 2552 nominatino
772 2495 852 2551 babet
872 2495 1009 2551 Linternc
1029 2494 1126 2552 Flecte.
1146 2509 1202 2550 ann.

193 2572 367 2640 retinui
381 2572 446 2637 poet
461 2567 542 2622 albus
562 2583 665 2624 commu
676 2583 790 2638 ponem,
808 2567 878 2622 maie
891 2567 961 2622 obn.
971 2583 1021 2637 eq„
1039 2567 1092 2623 nbi
1109 2568 1150 2623 eoi
1166 2565 1202 2621 ie-

191 2657 266 2696 mnm
284 2639 421 2709 teyiiimne
439 2641 487 2708 est)
513 2641 518 2708 1
545 2645 577 2694 11
597 2637 688 2696 multa
705 2638 818 2708 scripsi:
842 2637 926 2693 laeuo
944 2639 1020 2694 codd.
1040 2655 1054 2694 e
1071 2640 1164 2708 picem
1180 2652 1202 2690 n.

187 2712 294 2782 prioris
317 2713 321 2778 1
345 2710 374 2764 ct
392 2708 477 2764 simul
495 2713 550 2763 AB
568 2715 633 2766 etv
652 2716 726 2776 m.1;
745 2710 855 2765 maiani
872 2709 1124 2779 interpunctionem
1148 2715 1152 2776 Ι
1176 2711 1202 2761 18

191 2784 313 2850 quatuor
337 2781 381 2835 nei
407 2781 540 2851 quattuor
565 2783 642 2837 cedet.
667 2782 782 2850 quattor
807 2779 974 2836 Bitocbeiins
996 2782 1062 2852 (leue
1082 2783 1202 2851 quatuor,

190 2857 222 2908 nt
242 2857 275 2906 19
294 2850 473 2920 avjum)119
493 2854 528 2920 cs.
549 2852 655 2908 (icilius
668 2852 721 2907 VII
736 2858 760 2920 6,
780 2858 796 2906 9
816 2852 892 2906 locos
909 2868 993 2922 porro
1011 2855 1163 2924 praepetes
1179 2867 1192 2904 c

190 2921 663 3063 t⁰tt⁰ut1tttuttttfflb
687 2921 1201 3065 subtitu‘tttttttst

190 3083 249 3123 eam
261 3071 377 3136 portem,
390 3065 440 3120 nbi
454 3064 589 3122 Romnlno
608 3071 668 3121 eret
677 3067 794 3137 positus,
809 3067 948 3121 notamine
966 3083 1032 3122 nnec
1047 3066 1121 3121 XII
1135 3069 1201 3138 (con-

190 3137 346 3206 templatur
364 3135 413 3190 ubi
429 3177 434 3189 .
452 3177 473 3204 .,
490 3138 558 3192 uitii
580 3153 665 3193 ennea
683 3139 795 3207 aperta)
819 3142 845 3192 et
867 3137 950 3192 cimni
972 3139 1005 3193 ete
1023 3137 1106 3194 Remi
1124 3140 1149 3195 si
1182 3136 1201 3188 it

191 3210 381 3278 exponendum
391 3213 450 3263 erat
465 3211 469 3276 Ι
486 3213 520 3262 20
531 3207 626 3280 priore
635 3214 668 3262 B:
683 3207 826 3279 propriam
835 3212 917 3262 Anv
931 3208 1080 3278 propritim
1090 3209 1119 3264 L
1156 3207 1200 3263 nei·

191 3280 264 3334 terne
277 3280 287 3346 ΙΙ
302 3283 349 3332 55²
367 3280 514 3348 adscripsi,
533 3281 601 3349 qnia
618 3281 690 3336 bone
708 3281 899 3336 narrationem
917 3281 956 3335 nri
973 3279 1105 3336 Errninm
1122 3279 1200 3337 redire

191 3354 294 3403 certnm
312 3349 423 3404 mideber
444 3351 454 3420 ΙΙ
472 3355 506 3404 tc
524 3350 598 3406 Non.
619 3355 680 3419 516,
701 3355 734 3404 10
753 3351 873 3406 toruitcr
888 3393 894 3406 .
911 3393 916 3406 .
931 3350 1040 3406 Ennius
1058 3351 1109 3408 lib.
1128 3352 1140 3406 I
1158 3351 1200 3424 [eie

191 3419 269 3474 Sonti
286 3437 327 3474 er:
341 3419 402 3488 lupi
416 3421 507 3492 cedi]
524 3422 529 3491 Ι
545 3422 617 3476 astic
632 3421 717 3491 codd„
733 3437 802 3476 corr.
818 3422 942 3493 Scatiper
958 3427 963 3492 Ι
978 3422 1102 3478 torbiter
1116 3422 1185 3480 coeti.

191 3495 223 3541 67
243 3436 343 3546 Fietns
361 3495 414 3546 261
434 3491 556 3559 quamde
575 3506 626 3561 pro
646 3507 731 3558 quem
746 3534 752 3547 .
769 3531 774 3544 .
789 3494 850 3546 tum
869 3495 975 3550 Ennius
999 3495 1111 3566 [temen
1128 3494 1199 3551 huius
