2484 3886
462 166 481 222 Ι.
500 163 679 219 ANNALuS.
1012 163 1076 228 105

95 349 191 411 quae
215 325 325 392 aalide
347 326 439 391 uenit
461 327 550 392 intus
572 326 710 392 falarica
732 327 833 392 missa
855 356 874 386 υ
891 377 909 386 -
927 377 955 392 -.
1091 332 1148 388 848

97 472 140 533 55
166 468 334 534 Romanus
356 467 470 552 homo,
492 468 665 534 tamenetsi
687 491 739 534 res
761 469 844 533 bene
868 473 961 556 gesta
983 473 1045 551 est,
1070 472 1149 532 Α844

95 557 207 624 corde'
228 579 286 622 suo
309 557 461 641 trepidat.

100 699 223 764 audire
246 702 297 764 est
319 719 437 782 operae
460 699 615 783 pretium,
637 698 811 784 procedere
834 703 921 764 recte
1091 703 1149 759 845

100 787 167 872 qui
190 809 258 852 rem
280 786 463 852 Romanam
485 785 681 872 Latiumque
706 787 856 853 altiscere
880 787 988 853 uoltis.

97 932 139 994 et
163 932 234 992 tum
258 929 343 994 siout
366 950 478 1012 equos,
504 929 559 1015 qui
582 928 621 993 de
642 928 854 1014 praesepibus
877 927 982 995 fartus
1091 932 1149 989 848

96 1016 218 1082 uincla
240 1017 307 1082 suis
331 1021 459 1102 magnis
483 1017 599 1082 animis
624 1017 791 1102 abrumpit
814 1021 847 1082 et
869 1018 943 1082 inde

97 1106 174 1171 fert
197 1127 266 1170 sese
289 1105 397 1190 campi
418 1127 477 1190 per
500 1106 630 1170 caerula
652 1106 804 1191 laetaque
827 1115 924 1192 prata

98 1195 195 1259 celso
217 1198 362 1279 pectore,
386 1215 481 1278 saepe
504 1193 615 1259 iubam
639 1198 773 1278 quassat
795 1195 892 1260 simul
916 1195 1033 1279 altam,

99 1283 243 1368 spiritus
267 1305 306 1348 ex
329 1283 438 1348 anima
460 1282 566 1389 calida
589 1304 721 1368 spumas
745 1284 816 1369 agit
839 1284 939 1350 albas.
1061 1298 1076 1348 5

99 1391 266 1528 quaerunt
288 1442 323 1506 in
346 1442 465 1527 scirpo,
490 1411 580 1507 soliti
603 1443 691 1527 quod
713 1441 830 1526 dicere,
853 1443 983 1509 nodum.
1091 1445 1146 1504 847

99 1654 121 1662 -
169 1632 581 1662 υ..υυ-υυ-υυ-υυ
603 1606 751 1666 monstra
1089 1605 1145 1662 348

99 1693 133 1756 si
160 1691 222 1754 sibi
245 1690 359 1774 lingua
382 1689 473 1773 loqui
496 1693 606 1774 speret
629 1695 726 1774 atque
750 1712 808 1754 ora
827 1690 936 1756 decem
957 1691 1032 1774 sint,

99 1779 267 1844 inmotum
289 1775 377 1842 ferro
401 1799 457 1842 cor
479 1778 523 1843 sit
545 1781 725 1864 pectusque
748 1779 938 1845 reuinctum.

100 1927 230 2004 labitur
252 1942 352 2002 uncta
374 1938 487 2002 carina
509 1959 568 2023 per
591 1960 733 2022 aequora
757 1961 838 2004 cana
861 1938 986 2004 celocis.
1090 1940 1149 1995 848

131 2188 183 2238 848
201 2182 356 2250 1555555,
377 2188 409 2238 15
438 2181 569 2250 falarica,
596 2183 686 2238 telam
713 2183 865 2238 maximum
890 2223 920 2237 ..
944 2181 1075 2256 Enniusi

53 2254 196 2310 uenieinr’
219 2255 330 2322 scripsi:
355 2255 474 2309 ueniunt
496 2256 572 2310 5555.
598 2256 603 2323 1
627 2255 758 2320 fallariea
774 2258 800 2307 Η
824 2256 860 2320 (q,
880 2251 977 2307 ualido
999 2255 1078 2309 uenit

54 2327 190 2382 contorta
214 2326 233 2382 f.
257 2323 344 2380 missu
365 2325 487 2394 Ionias).
515 2328 525 2395 ΙΙ
552 2329 603 2379 844
623 2325 677 2381 Oia.
697 2327 730 2380 55
747 2342 787 2381 or,
811 2323 852 2377 111
874 2329 921 2391 48,
947 2328 998 2377 168
1027 2328 1076 2379 555

54 2415 91 2452 cx
104 2400 170 2453 5555
183 2399 295 2466 partem
312 2437 318 2450 .
334 2438 340 2450 .
359 2399 410 2450 555
428 2413 462 2450 ex
475 2413 530 2451 uno
545 2397 653 2466 plures;
673 2397 770 2452 Eaae'o
789 2397 877 2450 55555.
897 2396 977 2462 docti,
998 2397 1077 2452 55555

49 2469 226 2538 praecedant
254 2473 453 2537 sequaatarqae
484 2485 532 2522 55.
563 2471 568 2537 Ι
601 2470 634 2522 55
666 2474 691 2523 et
725 2467 840 2521 tametsi
872 2466 991 2536 Erlaap.
1021 2470 1041 2523 2
1069 2467 1077 2540 11

54 2544 107 2592 845
133 2539 237 2607 Porpb.
258 2539 295 2594 55
317 2539 388 2594 Hor.
407 2544 460 2593 555.
483 2539 540 2606 18,
560 2545 593 2593 37
623 2538 750 2594 abutitur
776 2536 912 2592 Ennianis
940 2537 1076 2594 uersibus.

54 2611 106 2665 ille
127 2610 205 2666 enim
223 2608 276 2676 ait3
294 2627 322 2664 a.
342 2615 358 2663 8
377 2611 469 2676 adfert
491 2609 581 2664 Varro
600 2627 645 2678 ap.
665 2610 738 2664 Noa.
759 2613 820 2676 478,
842 2610 927 2677 1718
947 2609 1076 2664 eltiscerc

54 2682 160 2751 scripsi
177 2681 294 2750 (asebia.
309 2681 435 2752 leaieopr.
454 2679 481 2733 11
495 2683 570 2749 473);
587 2681 719 2735 alciscere
737 2680 812 2735 Noa.
832 2681 909 2735 5555.
928 2695 1077 2749 augescere

57 2752 165 2822 Poeph.
182 2754 187 2820 Ι
203 2749 291 2805 uultis
310 2753 410 2821 555511
427 2755 479 2804 848
498 2752 587 2806 Macr.
602 2749 643 2805 VI
656 2758 682 2817 8,
697 2757 712 2804 7
731 2750 839 2806 Ennius
854 2750 918 2804 hinc
935 2752 980 2819 (ea
993 2751 1075 2804 Hom.

55 2822 93 2879 11.
113 2821 156 2877 VI
175 2827 226 2876 506
245 2824 312 2891 sqq.)
331 2821 437 2893 traxit]
456 2829 469 2876 1
490 2839 578 2890 equus
596 2824 672 2877 5555.
689 2825 694 2889 Ι
710 2829 726 2876 8
746 2821 817 2892 suis]
839 2827 908 2888 pato
926 2819 1076 2886 55551555-

55 2895 112 2949 mis
127 2909 179 2948 oar.
191 2893 258 2946 Par,
273 2895 279 2961 Ι
296 2891 411 2962 abrupit
424 2895 509 2961 5555,
525 2893 717 2949 5555515515
734 2895 744 2964 11
762 2897 811 2945 847
822 2890 896 2947 Fert.
908 2898 959 2946 380
969 2891 1076 2946 Ennius

57 2966 144 3033 (Isia.
162 2962 242 3017 XVII
261 2969 286 3030 8,
306 2965 351 3033 87)
365 2966 375 3033 ΙΙ
388 2968 438 3017 848
455 2965 636 3020 5555518555.
652 2965 689 3019 55
705 2962 802 3033 Georp.
817 2961 891 3017 1148
911 2963 1077 3018 Homericus

58 3051 159 3091 sensas
184 3035 234 3101 (Il.
254 3033 280 3086 11
305 3037 381 3103 488);
410 3034 450 3090 sic
478 3036 563 3090 etiam
591 3033 698 3089 Eunias
728 3035 789 3090 ‘ora
817 3033 940 3099 decem’3
967 3036 1078 3103 praebet

57 3107 160 3177 frapm.
179 3105 272 3160 Paris.
292 3110 362 3160 7860
387 3106 392 3175 l
416 3109 544 3161 monstra
561 3107 673 3175 sampsi:
697 3122 762 3160 mon
782 3109 810 3175 (a
828 3121 914 3174 sapsa
933 3105 960 3172 o)
980 3105 1047 3158 Par.
1071 3104 1075 3176 Ι

59 3176 83 3230 si
101 3177 204 3232 555555
225 3179 229 3246 Ι
250 3178 344 3247 speret
361 3177 461 3245 scripsi
484 3178 530 3246 (ef.
552 3177 609 3232 055.
628 3182 671 3244 84,
692 3180 731 3247 7)ε
751 3180 864 3246 saperet
884 3175 952 3229 Par.
970 3177 975 3245 Ι
991 3178 1076 3242 atque

60 3248 258 3303 Mommseaas:
291 3251 321 3302 at
351 3248 419 3302 Par.
445 3251 450 3316 Ι
474 3248 612 3320 inmotum
641 3249 708 3315 (scil.
728 3248 786 3302 eius
813 3248 859 3302 cai
883 3246 1075 3316 persuadetur)

59 3320 206 3388 temptauit
229 3318 259 3372 in
282 3321 402 3372 metrum
421 3319 487 3374 Par.
510 3319 541 3372 in
564 3337 621 3389 me,
644 3321 706 3373 tam
726 3319 880 3373 Muellerus
904 3320 908 3385 Ι
933 3333 1076 3388 pecusque

63 3389 131 3445 Par.
155 3391 165 3460 11
187 3390 329 3446 8481555,
349 3389 413 3443 XIX
433 3395 446 3442 1
467 3391 617 3446 5515555..
637 3387 757 3444 biremes
775 3389 822 3444 uel
840 3389 968 3443 triremes
986 3389 1076 3458 agiles

61 3463 88 3516 55
112 3459 151 3516 55
175 3461 362 3514 ministerium
387 3462 478 3530 aptae.
515 3461 622 3516 Ennius
646 3459 1076 3530 (115555555555517111174,

61 3534 110 3587 abe·
128 3547 306 3600 aequoraque
325 3533 386 3587 alta
403 3529 527 3599 colonis).
