2498 3882
128 107 194 173 308
453 108 490 161 Μ.
508 105 660 162 TULLIUS
679 105 817 164 CICERO.

89 276 129 333 26
174 271 274 335 tertia
296 275 329 335 te
353 268 493 335 Phthiae
516 272 697 355 tempestas
720 270 808 335 laeta
829 269 962 334 locabit.

172 557 247 600 cum
270 536 385 601 decore
409 539 507 620 atque
531 536 620 600 omm'
647 558 699 600 me
724 535 876 600 orbatum
903 535 997 599 laude
1026 557 1072 599 rc-

717 624 841 689 cordor.

91 787 129 846 28
173 804 313 867 namque
336 783 435 847 nimis
458 783 581 847 multos
604 787 703 866 atque
727 782 817 848 omm‘
839 783 911 848 luce
935 783 1081 848 cadentis

175 872 347 954 cernimus,
370 875 408 935 ut
429 892 525 936 nemo
548 871 655 954 possit
680 893 827 936 maerore
849 893 974 936 uacare.

174 981 238 1044 quo
262 959 369 1045 magis
394 963 445 1024 est
468 981 608 1044 aequum
626 960 761 1025 tumulis
784 961 936 1024 mandare
955 962 1141 1044 peremptos
1235 1029 1236 1040 ,

89 452 125 509 27
173 468 294 532 corque
317 417 426 511 meum
448 447 579 531 penitus
603 447 763 533 turgescit
786 447 937 511 tristibus
960 445 1030 530 iris,

1235 675 1236 714 l

174 1048 269 1113 firmo
294 1048 403 1113 animo
427 1051 461 1112 et
484 1048 610 1114 luctum
632 1048 777 1114 lacrimis
799 1048 893 1112 finire
917 1048 1052 1113 diurnis
1235 1123 1236 1142 ἶ

557 1293 722 1342 ODYSSHA.

93 1425 131 1481 26
177 1441 196 1485 o
219 1421 316 1486 decus
340 1418 541 1504 Argolicum,
564 1417 645 1503 quin
666 1418 803 1502 puppim
825 1419 941 1503 flectis,
965 1417 1091 1503 Ulixes,

176 1508 309 1572 auribus
332 1512 371 1572 ut
393 1511 525 1573 nostros
549 1507 656 1591 possis
679 1527 857 1592 agnoscere
879 1509 1012 1572 cantus!

173 1619 251 1661 nam
273 1617 369 1661 nemo
392 1596 473 1661 haec
496 1616 653 1679 umquam
676 1599 726 1660 est
747 1599 955 1661 transuectus
980 1596 1113 1661 caerula
1235 1641 1236 1704 ,

718 1705 827 1769 cursu,

175 1773 255 1857 quin
276 1773 368 1857 prius
392 1772 558 1838 adstiterit
580 1794 699 1837 uocum
722 1773 891 1837 dulcedine
915 1777 1041 1857 captus,

174 1865 260 1947 post,
282 1861 386 1925 uariis
410 1861 505 1926 auido
530 1861 669 1925 satiatus
692 1865 824 1944 pectore
847 1859 962 1940 Musis,
1136 1878 1153 1927 5

175 1949 304 2014 doctior
327 1950 368 2014 ad
391 1949 515 2033 patrias
538 1949 650 2034 lapsus
673 1949 860 2033 peruenerit
883 1971 965 2014 oras.

173 2060 234 2104 nos
259 2058 360 2124 graue
385 2041 550 2103 certamen
571 2037 651 2102 belli
675 2038 863 2122 clademque
886 2041 1047 2123 tenemus,
1233 2039 1236 2136 l

175 2125 313 2192 Graecia
338 2148 437 2211 quam
459 2125 575 2190 Troiae
594 2124 709 2190 'diuino
732 2127 864 2191 numine
888 2127 988 2210 uexit,

175 2216 349 2298 omniaque
374 2237 391 2279 e
415 2215 493 2279 latis
515 2236 625 2278 rerum
647 2214 790 2300 uestigia
812 2215 919 2280 terris.

91 2397 131 2452 66
174 2391 258 2455 tales
282 2394 359 2454 suut
381 2390 552 2454 hominum
575 2393 711 2477 mentes,
735 2390 823 2477 quali
845 2396 941 2476 pater
963 2392 1035 2476 ipse

175 2473 324 2564 Iuppiter
348 2479 523 2544 auctiferas
546 2479 703 2545 lustrauit
725 2480 848 2546 lumine
872 2484 986 2545 terras.

202 2765 238 2814 26
259 2758 314 2815 Oto.
329 2759 363 2815 de
381 2757 525 2827 diullio,
539 2764 574 2814 52
588 2757 766 2814 Homericum
782 2802 806 2816 ..
821 2775 947 2826 uersum
967 2761 1006 2816 Il.
1021 2759 1162 2833 masal
1235 2803 1236 2808 κ

128 2830 230 2902 phitao
248 2835 275 2884 11
291 2828 410 2900 pythlae
428 2833 475 2883 AV
511 2829 608 2898 ythele
626 2835 647 2882 1
672 2833 677 2901 Ι
702 2829 810 2885 locauit
827 2834 858 2900 A,
878 2833 900 2882 7
917 2849 952 2886 m.
973 2836 987 2884 1
1007 2830 1018 2904 Η
1035 2837 1073 2886 27
1101 2831 1162 2888 ote.
1235 2887 1236 2896 ,

133 2903 214 2960 racc.
240 2900 282 2956 HI
309 2907 335 2970 9,
359 2905 393 2954 18
426 2915 483 2970 apu
529 2900 682 2956 Homerum
708 2900 834 2956 Achilles
864 2901 993 3026 ‹ffieritur
1019 2901 1091 2972 hoe,
1128 2905 1164 2957 ut
1235 2905 1236 2910 ’

132 2973 245 3041 emor,
272 2971 370 3038 modo;
392 2970 432 3026 Il.
455 2969 495 3024 IX
518 2977 570 3027 646
593 2973 602 3041 fl
624 2977 659 3025 26
685 2971 739 3028 (lic.
764 2973 844 3030 Tarso.
938 2978 981 3041 27,
1011 2979 1048 3028 to
1078 2973 1164 3044 apud

160 3061 337 3100 omarum..
362 3041 406 3096 ita
430 3040 534 3095 dicitur
555 3043 597 3100 17,
615 3041 681 3096 XIX
703 3049 755 3100 226
777 3046 858 3115 app}
883 3050 897 3099 1
921 3043 1046 3098 carentis
1070 3045 1163 3108 codd3

132 3115 372 3170 ceremoniam
403 3113 414 3182 l
445 3118 480 3166 77
505 3111 559 3168 (lic.
578 3114 611 3169 de
633 3114 681 3182 fea.
700 3113 727 3169 V
743 3121 784 3183 18,
803 3121 837 3170 49
860 3114 904 3168 ita
925 3114 1003 3168 enim
1024 3113 1163 3170 inuitant
1235 3117 1236 3154 l

134 3182 263 3261 (suaa)
282 3184 408 3248 Ulixem
432 3199 499 3237 nam
520 3183 607 3251 uerti,
631 3187 664 3238 ut
687 3185 828 3254 quaedam
844 3185 974 3254 Homeri,
998 3185 1041 3240 sio
1065 3186 1161 3241 istum

133 3265 230 3328 ipsum
251 3252 358 3318 locum3
383 3252 434 3308 Od.
453 3253 507 3306 XII
527 3259 578 3308 184
600 3271 655 3326 sqq.
677 3260 681 3324 Ι
703 3263 716 3310 1
739 3256 820 3329 quio]
843 3255 894 3326 qui
915 3261 962 3310 BE
986 3258 1031 3328 (ut
1054 3263 1081 3314 st
1105 3253 1159 3340 4)Ι
1222 3281 1236 3336 4

136 3319 296 3372 bsccratus
318 3324 365 3390 E}
387 3328 402 3375 9
425 3337 519 3375 rsmm
537 3324 663 3380 Marsua
688 3343 787 3396 regum
809 3329 885 3383 codd.
909 3329 918 3397 ΙΙ
941 3332 976 3380 66
999 3329 1158 3401 Aequam.

136 3386 170 3442 de
192 3387 246 3439 aa.
264 3388 311 3441 dei
328 3390 354 3444 V
373 3396 389 3443 8
412 3390 590 3474 illiquoque
614 3411 711 3450 uersus
734 3397 877 3452 Homerici
900 3397 968 3452 huic
991 3396 1157 3454 sententiae

137 3451 337 3524 suffragantur,
356 3472 426 3523 quos
445 3458 541 3516 Omero
559 3481 589 3517 m
608 3465 730 3520 latinum
747 3468 848 3537 uortit;
874 3468 924 3526 Od.
939 3467 1033 3525 XVIII
1048 3475 1102 3526 186
1116 3482 1156 3538 sq.
1235 3501 1236 3510 κ
