2498 3882
257 111 444 170 SEXTILIUS
463 113 547 168 ENA.
584 112 703 170 IULIUS
721 114 934 172 MONTANUS.
1039 117 1105 183 355

169 304 216 332 uc
233 323 251 333 -
268 305 314 334 νυ
331 325 349 335 -
366 307 412 335 cc
429 325 447 335 -
463 306 510 335 υυ
531 276 659 363 tragica
682 299 792 362 syrma
1119 285 1158 343 14
1244 277 1245 328 i

133 414 247 480 Musae
270 414 414 482 Aonides
436 448 482 476 υυ
499 467 517 476 -
534 467 552 478 .
569 449 616 478 uc
633 468 651 478 .
668 450 715 479 υυ
731 469 749 479 -
767 470 785 479 -
1118 428 1157 484 lt
1244 381 1245 446 i

490 577 704 590 m

421 697 652 766 SEXTILIUS
676 701 779 768 ENA.

134 840 298 906 deflendus
323 838 434 907 Cicero
458 845 509 906 est
531 841 708 928 Latiacque
731 843 862 908 silentia
884 843 1024 930 linguae.

489 1019 703 1031 ——-

385 1141 533 1208 IULIUS
556 1141 808 1209 MONTANUS.

131 1283 248 1368 incipit
271 1283 421 1349 ardentes
446 1283 597 1349 Phoebus
619 1285 796 1370 producere
819 1285 979 1369 flammas,
1137 1294 1154 1348 1

133 1371 282 1457 spargier
304 1375 337 1436 et
359 1372 539 1438 rubicunda
563 1371 645 1438 dies:
668 1374 735 1438 iam
757 1373 863 1438 tristis
886 1373 1026 1440 hirundo

132 1459 258 1545 argutis
281 1460 426 1526 reditura
450 1461 540 1526 cibos
563 1463 731 1527 inmittere
753 1462 838 1526 nidis

132 1548 248 1633 incipit
272 1551 304 1612 ct
327 1548 421 1614 molli
442 1551 582 1633 partitos
606 1572 662 1615 ore
686 1550 860 1616 ministrat.

130 1690 196 1753 iam
220 1711 279 1754 sua
301 1695 450 1775 pastores
474 1691 613 1755 stabulis
637 1695 784 1756 armenta
806 1693 970 1778 locarant,
1136 1699 1154 1753 2

131 1777 198 1879 iarn
221 1777 298 1932 fitare
322 1778 438 1863 sopitis
461 1801 525 1843 nox
548 1781 643 1864 pigra
666 1780 798 1846 silentia
820 1783 918 1846 terris

130 1887 231 1950 mc1p1
247 1916 254 1931 .

158 2083 191 2131 14
212 2077 260 2132 Gr.
279 2077 315 2134 L.
334 2075 371 2130 K.
391 2075 416 2130 V
435 2081 488 2132 590
515 2093 657 2145 syrma..
677 2078 784 2146 priores
812 2079 953 2144 feminini,
977 2081 1008 2134 ut
1034 2079 1100 2134 Cor-

82 2147 176 2202 nelius
196 2147 286 2219 [ilius
304 2147 393 2218 codd]
410 2149 415 2216 Ι
432 2147 517 2202 sirma
530 2153 550 2199 1.
564 2150 573 2218 ΙΙ
589 2154 621 2202 1⁶
642 2147 692 2202 Gr.
706 2148 741 2204 L.
759 2148 798 2204 IV
815 2153 869 2203 424
883 2149 921 2204 K.
941 2150 1019 2218 (ibid.
1034 2153 1099 2218 479)

82 2219 199 2288 quintus
221 2219 322 2273 modus
345 2220 401 2284 est,
429 2234 493 2272 cum
520 2217 550 2272 di
571 2219 728 2287 hthongum
756 2220 862 2274 uocalis
889 2221 1028 2288 sequitur3
1056 2224 1100 2276 est

82 2289 160 2345 enim
178 2290 264 2360 longa
281 2289 311 2344 in
330 2291 396 2355 hoc;
415 2289 451 2357 cf.
472 2289 521 2344 Gr.
568 2331 574 2344 .
592 2288 618 2343 V
639 2295 698 2356 118,
717 2288 756 2344 VI
775 2295 828 2346 230
846 2295 871 2346 et
889 2296 956 2357 242,
973 2290 1026 2346 VII
1045 2297 1098 2347 232

81 2364 143 2417 cicc
161 2361 282 2416 accere
299 2361 409 2416 nomiae
426 2361 539 2429 ubique
557 2376 615 2416 ceu
631 2363 701 2416 mate
715 2361 816 2417 Seuero
834 2363 909 2419 dedit
921 2361 1077 2418 IBectcrce
1090 2363 1100 2436 tt

4 2465 17 2482 ,
82 2433 143 2488 alta
165 2437 198 2487 ut
219 2432 312 2488 alienu
334 2449 352 2486 a
375 2436 468 2487 nostro
492 2433 534 2502 (ct
551 2431 677 2487 Dieneed.
697 2437 748 2488 375
763 2432 800 2487 K.
820 2437 844 2488 et
863 2432 923 2487 GL.
943 2433 981 2489 K.
1000 2433 1027 2489 V
1045 2440 1099 2490 677

4 2499 11 2512 ’
82 2502 194 2572 clamis,
215 2501 488 2571 certauerunt.
509 2506 591 2572 1875,
611 2503 686 2572 126),
714 2505 757 2560 ita
778 2519 865 2573 cupre
883 2506 1035 2561 exscribere
1057 2508 1100 2576 (ut

82 2575 200 2630 Senecae
218 2575 294 2644 epist.
315 2580 363 2642 79,
383 2577 412 2642 5,
442 2573 559 2644 Quincti.
577 2573 603 2628 X
624 2579 652 2642 1,
676 2575 721 2645 89)
750 2593 768 2629 a
790 2581 884 2632 uestro
901 2579 1045 2648 preposite
1067 2579 1100 2632 iu

80 2646 247 2716 frapmectc'a
265 2645 330 2699 setis
346 2650 473 2700 cuecrue
491 2645 624 2699 abherret

4 2733 6 2736 ·
155 2721 247 2769 sm.
266 2720 344 2769 m.
376 2715 479 2770 Seneca
496 2716 562 2772 rhet.
581 2720 615 2770 48
631 2715 668 2770 K.
697 2715 724 2770 S.
743 2715 775 2773 E.
798 2715 853 2770 fuit
873 2716 960 2772 horno
983 2716 1098 2786 ingenio

81 2804 133 2841 suo
151 2803 198 2842 ma
221 2787 243 2842 's
261 2803 346 2856 quam
360 2785 495 2853 eruditus,
513 2786 672 2856 inaequalis
685 2787 771 2856 poeta
786 2785 901 2855 ..talis
921 2786 1018 2856 quales
1038 2804 1098 2842 esse

82 2857 181 2913 Cicero
223 2857 392 2913 ordubcnses
410 2857 509 2926 poetes
528 2858 571 2912 ait
585 2897 591 2910 .
607 2899 613 2913 .
628 2858 653 2910 ie
666 2858 739 2912 hanc
753 2856 845 2926 ipsam
863 2858 1099 2928 proscriptionem

80 2929 296 2985 recitaturus..
314 2927 344 2984 in
362 2927 500 2998 principio
519 2929 593 2984 hunc
612 2944 725 2982 uersum
743 2942 800 2982 non
819 2929 879 2983 sine
898 2943 1014 2983 assensu
1028 2927 1098 2983 reci-

4 3057 7 3080 *
79 2999 157 3055 teuit
172 2999 176 3072 Ι
192 2998 336 3054 deflendus
353 3001 402 3051 AB
422 2999 593 3054 deficiendus
612 3004 654 3051 82
669 3001 674 3068 Ι
690 2999 804 3067 lataque
823 3004 853 3064 2,
871 3004 892 3052 2
909 3015 944 3056 m.
961 3005 985 3054 1.

153 3075 331 3124 loffllws
359 3070 521 3138 (Teuffelc‘ue
539 3075 605 3137 252,
625 3072 678 3138 13).
718 3075 731 3122 1
756 3067 858 3125 Seneca
880 3071 1043 3138 epiet122,
1064 3074 1096 3124 11

80 3139 221 3197 recitabat
244 3143 332 3197 Mont.
355 3139 443 3196 Iulius
471 3157 596 3207 carmen,
623 3139 781 3194 tolerabilis
804 3140 890 3210 pocta
908 3182 914 3195 .
930 3183 937 3197 .
956 3157 1019 3194 curn
1045 3141 1097 3196 hos

4 3213 5 3216 ’
81 3228 179 3268 uersus
196 3211 342 3268 recitasset
365 3214 371 3281 Ι
396 3218 412 3266 2
432 3212 558 3282 spargier
581 3213 610 3266 et
630 3212 742 3280 scripsi:
767 3227 900 3282 spargere
923 3212 999 3268 code
1019 3229 1096 3282 spar-

4 3329 13 3350 ,
81 3299 149 3354 gere
168 3302 196 3339 ae
215 3285 299 3354 culpo
315 3287 319 3350 1
336 3289 352 3338 3
370 3281 484 3338 mittere
501 3282 601 3337 chb.
624 3285 628 3340 Ι
648 3286 666 3335 4
683 3281 807 3351 partitus
825 3283 924 3338 chb.
943 3300 1005 3340 cren
1022 3284 1096 3350 aliie,

81 3359 145 3420 fert.
163 3360 232 3410 recte
254 3357 264 3424 fl
286 3361 304 3408 2
322 3353 425 3410 Seneca
443 3355 460 3408 t.
480 3355 497 3408 t.
513 3359 577 3423 poet
599 3355 635 3420 fr.
653 3355 738 3422 prius
764 3352 867 3409 deinde
890 3371 959 3409 curn
977 3353 1097 3408 subinde

81 3427 236 3481 recitasset.

827 3569 883 3622 23*
