2484 3886
594 107 624 173 Q.
644 105 789 163 ENNIUS.

348 369 406 426 v1.
430 369 644 424 Euhemerus
667 366 743 425 5155
764 366 907 424 historia
930 379 1037 426 sacra.

113 509 170 565 512
251 502 440 568 55555551
464 507 521 566 11:
557 501 711 584 antiquus
744 504 859 565 auctor
890 499 1110 585 Euhemerus,
1146 501 1197 586 qui

183 591 247 657 fuit
270 613 308 655 ex
331 590 463 655 ciuitate
486 588 653 674 Messana,
681 611 733 655 res
761 592 873 674 gestas
900 588 990 654 Iouis
1020 593 1054 654 et
1082 593 1198 654 cetero-

183 703 269 764 rum,
293 679 349 763 qui
371 679 403 743 di
426 682 593 764 putantur,
616 677 751 764 collegit
773 677 1011 762 historiamque
1035 679 1197 744 contexuit

185 791 224 834 ex
245 768 349 833 titulis
374 770 407 832 et
433 767 699 852 inscriptionibus
724 767 837 850 sacris,
866 787 949 852 quas
975 766 1012 830 in
1041 767 1197 852 antiquis-

185 857 276 922 simis
307 855 440 941 templis
472 856 677 921 habebantur
704 857 907 940 maximeque
938 855 974 919 in
1005 855 1085 921 fano
1112 855 1197 922 Iouis
1228 911 1229 916 ,

184 945 354 1030 Triphylii,
377 946 435 1010 ubi
458 967 590 1010 auream
609 946 794 1010 columnam
812 944 955 1027 positam
975 966 1048 1010 esse
1067 946 1110 1010 ab
1129 946 1197 1030 ipso
1228 951 1229 966 ¹

182 1034 261 1100 Ioue
280 1034 397 1098 titulus
416 1033 588 1099 indicabat.
613 1033 726 1119 inqua
750 1054 808 1097 sua
827 1036 921 1119 gesta
939 1033 1141 1119 perscripsit,
1164 1039 1197 1097 ut

183 1123 418 1188 monimentum
447 1126 533 1187 55555
559 1124 700 1206 posteris
728 1143 836 1187 rerum
864 1144 1006 1186 suarum.
1044 1123 1130 1187 hanc
1152 1121 1197 1185 hi-

184 1212 318 1277 storiam
343 1214 375 1276 et
397 1211 632 1296 interpretatus
656 1215 706 1276 est
728 1211 853 1275 Ennius
878 1214 911 1275 et
935 1215 1075 1276 secutus.

112 1359 170 1414 513
250 1372 394 1438 Luctum.
415 1371 516 1437 113:
548 1370 674 1436 Ennius
703 1370 832 1455 quidem
863 1371 898 1436 in
920 1370 1108 1436 Euhemero
1136 1393 1198 1436 non
1229 1367 1230 1378 ’

183 1461 325 1546 primum
344 1461 424 1524 dicit
442 1481 597 1543 regnasse
616 1457 802 1545 Saturnum,
823 1461 879 1525 sed
898 1459 1046 1526 Uranum
1065 1463 1198 1544 patrem.

183 1549 292 1632 initio,
323 1549 443 1634 inquit,
474 1548 600 1634 primus
632 1549 667 1612 15
699 1549 796 1614 terris
829 1549 1004 1634 imperium
1037 1570 1198 1614 summum
1230 1545 1231 1640 l

184 1635 302 1702 Caelus
324 1637 457 1722 habuit,
484 1638 512 1701 is
540 1637 573 1701 id
595 1657 733 1722 regnum
761 1660 826 1702 una
852 1637 1110 1703 cumfratribus
1135 1638 1198 1702 suis
1230 1677 1231 1732 p

183 1726 328 1790 instituit
351 1729 448 1810 atque
471 1725 610 1810 parauit.
1230 1757 1231 1770 ¹

111 1889 169 1946 514
249 1888 393 1951 Lactunt.
415 1885 441 1948 I
458 1890 515 1951 11:
539 1885 590 1950 551
613 1906 691 1971 ergo
716 1885 897 1951 sacrificare
920 1885 1070 1970 Iuppiter
1091 1886 1198 1971 potuit

183 1972 248 2038 nisi
277 1971 374 2040 Ocelo
405 1974 490 2040 auo?
529 1995 625 2058 quem
652 1973 731 2039 dicit
756 1974 961 2040 Euhemerus
992 1975 1028 2039 in
1059 1973 1199 2041 Oceania

184 2066 348 2128 mortuum
373 2063 462 2128 etin
486 2062 605 2148 oppido
628 2061 765 2128 Aulacia
788 2063 962 2148 sepultum.

113 2228 169 2285 515
249 2223 392 2288 11555555.
415 2222 518 2287 114:
551 2222 632 2287 haec
660 2221 747 2290 Ilnni
778 2223 879 2287 uerba
914 2225 1004 2287 sunt:
1040 2221 1116 2287 exin
1146 2222 1198 2288 Sa-

183 2316 298 2378 turnus
327 2332 461 2376 uxorem
490 2311 579 2376 ducit
607 2310 718 2397 Opem.
759 2311 870 2393 Titan,
903 2311 959 2395 qui
986 2310 1094 2376 maior
1120 2318 1199 2378 natu

183 2404 263 2484 erat,
281 2400 428 2483 postulat
445 2404 483 2465 ut
501 2402 571 2486 ipse
590 2404 751 2486 regnaret.
774 2401 822 2465 ibi
840 2399 944 2465 Vesta
962 2405 1068 2466 mater
1088 2422 1199 2468 eorum
1230 2437 1232 2490 3

183 2492 217 2552 55
245 2509 372 2554 sorores
396 2487 492 2554 Ocres
522 2493 620 2574 atque
644 2488 711 2574 Ops
740 2488 877 2554 suadent
904 2487 1059 2574 Saturno,
1093 2493 1132 2554 ut
1164 2489 1201 2554 de

183 2598 283 2662 regno
302 2599 369 2642 non
387 2579 541 2643 concedat
559 2578 663 2645 fratri.
688 2579 735 2643 ibi
754 2577 862 2662 Τ1555,
882 2578 938 2663 qui
955 2576 1039 2643 facie
1058 2578 1200 2645 deterior

183 2670 271 2731 esset
294 2689 391 2751 quarn
410 2665 578 2752 Saturnus,
601 2667 721 2733 idcirco
746 2672 779 2732 55
798 2668 884 2752 quod
907 2667 1042 2732 uidebat
1059 2672 1199 2734 matrem
1231 2673 1232 2702 ¹

183 2760 280 2839 atque
305 2777 433 2821 sorores
457 2778 533 2822 suas
552 2777 684 2841 operam
703 2757 780 2821 dare
803 2760 841 2820 55
859 2754 1018 2822 Saturnus
1037 2762 1200 2843 regnaret,

183 2844 344 2909 concessit
369 2845 399 2910 51
426 2849 463 2909 55
491 2845 519 2910 15
547 2849 708 2931 regnaret.
754 2846 865 2930 itaque
893 2849 1009 2931 pactus
1042 2849 1097 2910 555
1129 2868 1198 2911 cum

183 2930 338 3018 Saturno,
365 2933 427 3016 uti,
456 2935 483 2999 si
511 2933 589 3020 quid
617 2934 755 2999 liberum
778 2931 883 2998 uirilis
912 2955 1007 2998 sexus
1032 2933 1061 2998 ei
1085 2939 1197 2999 natum

183 3025 279 3106 esset,
301 3045 341 3087 ne
365 3021 442 3106 quid
466 3022 623 3088 educaret.
656 3022 690 3087 id
714 3022 781 3088 eius
801 3023 848 3086 rei
868 3043 965 3088 causa
982 3021 1071 3106 fecit,
1091 3025 1141 3090 551
1161 3023 1198 3088 ad

184 3132 259 3176 suos
287 3116 383 3176 natos
411 3131 548 3197 regnum
579 3113 709 3179 rediret.
750 3115 821 3176 tum
853 3109 993 3177 Saturno
1022 3110 1111 3178 filius
1145 3112 1196 3196 qui

58 3237 63 3246 ·
182 3199 307 3280 primus
335 3204 432 3262 natus
460 3203 521 3284 est,
549 3221 622 3264 eum
648 3204 855 3266 uocauerunt.
892 3199 1006 3264 deinde
1033 3201 1197 3283 posterius

182 3285 254 3348 nati
277 3291 353 3350 sunt
377 3287 507 3371 gemini,
530 3285 678 3372 Iuppiter
700 3293 797 3374 atque
820 3287 911 3354 Iuno.
946 3292 1016 3353 tum
1039 3288 1195 3359 Iunonem

185 3370 325 3436 Saturno
344 3373 379 3437 in
398 3379 606 3458 conspectum
625 3377 749 3459 dedere,
773 3380 871 3462 atque
889 3377 1002 3444 Iouem
1021 3378 1108 3443 clam
1128 3379 1195 3443 abs·

110 3469 114 3478 '
185 3460 341 3545 condunt,
376 3460 516 3546 dantque
548 3484 621 3526 eum
654 3462 774 3530 Vestae
808 3467 1022 3552 educandum,
1055 3467 1195 3534 celantes
