2470 3898
170 109 211 173 10
563 107 778 166 PRAEFATIO.

167 295 187 338 a
220 270 382 335 sententia
413 271 530 336 melius
555 271 695 352 posideit.
742 271 788 336 sic
821 271 921 336 etiam
952 271 1074 338 ibidem
1101 294 1132 340 u.
1158 274 1179 338 3

165 359 267 444 quotcc'
288 361 358 424 utto
379 360 500 443 defecit,
522 359 716 443 cerberos,
743 360 856 426 bonore
878 359 949 444 (ubi
973 361 1059 446 quod
1082 362 1181 446 expli-

167 451 245 514 cant
267 446 422 532 bonorem,
446 469 524 514 sane
546 470 613 513 non
636 449 717 514 satis
740 447 828 534 facit,
852 449 909 514 sed
932 449 971 514 de
994 451 1181 536 corruptela

166 537 252 603 male
276 535 455 622 cogitatur)
483 557 544 622 ego
571 537 684 602 boam
710 537 836 621 explico
863 537 1001 622 Ιιοηονθὶ,
1029 543 1067 603 ut
1095 540 1181 604 adsit

166 627 270 692 lusus:
293 646 361 691 non
384 625 486 692 defuit
510 627 540 690 ei
563 625 604 693 ad
625 626 784 692 honorem
807 627 1068 712 consequendum
1091 628 1182 713 cupi-

167 716 253 780 ditas
277 713 411 779 honoris
435 711 490 800 (cf.
516 713 772 800 Naegelsbachii
800 715 866 781 stil.
893 715 951 781 lat.
974 740 1005 800 p.
1029 713 1086 782 58⁷
1110 717 1181 802 sq.)‚

165 803 223 868 sed
255 802 343 867 uitae
377 803 519 887 spatium
550 803 682 870 iustum.
728 805 760 867 et
793 804 922 888 saepius
953 805 1000 869 sic
1027 825 1043 870 e
1069 828 1129 888 pro
1152 808 1182 870 ec'

166 891 361 977 praesertim
388 893 423 956 in
451 889 534 976 Scip.
556 891 591 957 ΙΙ
614 887 668 978 (cf.
691 890 800 979 infra).
845 892 930 958 unde
958 893 1005 958 sic
1028 894 1181 959 scanden-

165 981 244 1045 dum
274 979 373 1046 aetite
399 980 491 1062 quo'm
514 981 621 1063 parat
650 985 654 1060 Ι
678 981 888 1062 pertemere
909 981 1045 1048 seem.
1091 986 1124 1048 et
1145 983 1181 1046 in

166 1068 384 1134 monumentis
412 1068 584 1134 litterariis
611 1069 725 1134 unicus
749 1069 867 1136 Naeuii
894 1092 1008 1135 uersus
1031 1091 1181 1155 macen

164 1163 309 1242 stuprum
328 1158 443 1240 populo
460 1159 532 1240 lteri
547 1178 607 1240 per
625 1163 728 1242 pentes
749 1157 906 1223 facillime
928 1163 1040 1244 potest
1063 1161 1181 1226 sanari.

164 1249 309 1312 ceterum
338 1246 578 1313 obseruationis
601 1249 734 1313 nostrae
762 1247 847 1314 ratio
870 1247 905 1312 in
927 1249 1104 1332 propatulo
1129 1252 1180 1314 est

163 1336 284 1420 posita.
329 1357 403 1400 cum
424 1335 510 1400 enim
530 1335 760 1420 antiquissimo
778 1339 925 1420 tempore
947 1340 1023 1419 post
1046 1338 1180 1404 tertiam

163 1424 255 1488 arsin
276 1423 418 1488 incidere
447 1423 604 1502 solerent,
638 1425 718 1488 satis
738 1446 809 1489 esse
832 1425 994 1490 libertatis
1017 1427 1181 1508 putabant

164 1533 263 1576 unam
295 1509 406 1577 thesin
434 1512 469 1576 in
495 1512 559 1576 fine
589 1511 707 1595 prioris
735 1514 840 1598 partis
869 1535 1092 1601 suppressam3
1125 1517 1180 1601 qui

164 1622 242 1664 usus
271 1599 373 1664 etiam
400 1602 471 1664 tum
494 1599 696 1685 perdurauit,
727 1623 800 1667 curn
824 1602 927 1666 altera
950 1603 1065 1668 incisio
1088 1626 1181 1689 prae

164 1689 278 1754 ualuit.
322 1733 323 1736 κ

231 1776 284 1842 Ad
312 1777 450 1842 alteram
482 1799 596 1842 uersus
628 1776 772 1844 Saturnii
802 1783 931 1864 partem
962 1781 1179 1865 peruenimus.

163 1866 199 1930 in
222 1887 287 1950 qua
309 1869 424 1931 notum
448 1869 498 1932 est
521 1867 631 1932 thesin
654 1889 735 1951 eam,
758 1890 841 1952 quae
864 1872 915 1934 est
937 1869 1039 1934 totius
1063 1893 1179 1938 uersus

163 1958 269 2038 sexta,
296 1955 461 2020 interdum
490 1956 662 2041 supprimi,
690 1958 892 2041 meximeque
915 1954 965 2044 (id
988 1958 1075 2042 quod
1098 1961 1179 2026 scite

162 2043 354 2109 obseruauit
380 2043 613 2130 Buechelerus)
640 2045 842 2110 in'oonfinio
875 2045 1012 2111 duarum
1040 2052 1096 2114 aut
1124 2072 1180 2115 uo

160 2153 236 2197 curn
259 2131 406 2214 (Sternit
425 2130 517 2220 ce'pc't)
541 2136 598 2197 aut
626 2133 826 2218 syllabarum
853 2135 888 2198 in
914 2135 1081 2200 uocabulis
1104 2139 1179 2222 plus

161 2243 261 2305 quam
281 2222 455 2306 bisyllabis
475 2219 597 2305 (crebro
619 2221 804 2306 commum,
816 2221 949 2288 Mac'srcc
963 2222 1103 2310 catelo,
1115 2229 1179 2292 uc'c-

163 2311 252 2394 to'ris‚
279 2307 521 2396 protuldbdtur).
567 2331 764 2395 quamquam
786 2333 847 2394 per
869 2316 920 2376 est
944 2333 1072 2398 semper
1094 2313 1179 2381 hanc

163 2397 429 2482 suppressionem
448 2397 563 2462 duram
582 2420 652 2464 esse
671 2398 790 2483 uisam3
815 2402 848 2464 et
871 2400 941 2466 sine
960 2401 1059 2467 dubio
1083 2403 1119 2469 in
1142 2427 1179 2470 ea

161 2486 339 2551 statuenda
365 2486 460 2550 nimii
494 2489 570 2551 sunt
595 2488 702 2552 nostri
729 2488 851 2553 saeculi
880 2489 981 2576 docti3
1011 2492 1179 2578 multaque

162 2575 226 2639 huc
248 2574 448 2658 pertinentia
470 2575 556 2652 infra
580 2576 676 2641 aliter
699 2598 718 2640 a
740 2576 835 2641 nobis
859 2579 1115 2663 explicabuntur.
1138 2620 1176 2629 -

160 2662 250 2748 quod
268 2661 472 2728 LMuellerus
492 2660 538 2749 (p
556 2661 615 2751 50)
635 2666 798 2750 obseruat,
821 2687 895 2732 cum
912 2672 990 2752 post
1008 2689 1178 2736 caesuram

160 2773 267 2818 nouus
286 2751 463 2836 rhythmus
482 2753 665 2819 trochaicus
685 2753 780 2839 adsit,
794 2755 936 2840 primam
950 2757 985 2821 in
999 2757 1061 2823 hac
1074 2759 1179 2824 altero

162 2843 256 2924 parte
279 2840 388 2906 thesin
415 2842 607 2926 plerumque
634 2843 767 2908 breuem
795 2864 878 2928 esse,
906 2846 968 2911 hoc
991 2867 1094 2931 neque
1117 2847 1178 2914 fal-

163 2950 235 2992 sum
263 2931 313 2993 est
339 2951 444 3014 neque
473 2952 600 3014 uerum,
628 2953 701 2997 oum
732 2934 925 3017 praesertim
954 2935 993 2999 de
1021 2935 1177 3020 rhythmo

159 3015 327 3083 trochaico
350 3040 417 3084 non
444 3019 551 3104 possit
580 3041 649 3084 esse
673 3041 789 3088 sermo.
834 3027 1009 3109 postquam
1033 3026 1119 3090 enirn
1143 3027 1179 3090 in

161 3105 270 3191 priore
298 3110 393 3191 parte
420 3107 479 3172 ille
506 3109 593 3173 inter
621 3112 790 3175 accentum
820 3112 993 3178 metricum
1016 3117 1049 3178 ct
1072 3135 1178 3200 gram-

161 3193 317 3260 maticum
342 3195 503 3262 discordia
530 3197 616 3263 infra
640 3197 850 3282 disceptanda
872 3202 985 3286 regula
1008 3204 1059 3266 est
1080 3203 1177 3288 facts,

160 3287 221 3348 sua
253 3288 369 3367 sponte
402 3285 632 3352 blandiebatur
660 3287 793 3352 auribus
822 3309 861 3353 ea
887 3289 922 3352 in
950 3292 1055 3362 altera
1081 3295 1177 3375 parte

161 3371 256 3457 rati0,
280 3395 344 3457 qua
364 3373 525 3439 discordia
542 3375 602 3439 illa
620 3377 800 3441 tolleretur.
844 3377 928 3441 unde
953 3379 1062 3463 quarti
1083 3381 1175 3464 pedis

180 3460 250 3525 rsin
279 3482 353 3526 cum
382 3462 496 3547 quinto
524 3464 604 3547 pede
633 3464 668 3528 in
698 3464 829 3529 unicam
858 3488 973 3531 uocem
1003 3469 1177 3557 coniunge·
