2470 3898
171 129 214 192 14
565 130 780 186 canusino.

170 300 224 362 tus
252 297 337 361 esset
365 294 507 360 auribus.
552 293 608 358 scd
636 293 689 358 uel
716 292 751 358 in
778 293 879 379 thesi,
905 295 963 360 ubi
987 296 1191 381 synaloephe

171 386 321 472 legitima
344 387 393 449 cst
415 383 517 466 faeta,
545 404 643 467 quam
666 383 756 447 lenes
779 405 937 468 raraeque
961 383 1041 450 clim
1062 385 1191 451 fuerint

171 475 322 540 elisiones
345 494 385 537 ex
413 471 521 537 titulis
546 471 701 538 uidemus.
746 476 780 537 et
807 473 869 538 hac
899 473 1115 558 synaloephes
1137 479 1190 540 ut

169 567 247 648 pote
276 566 310 627 et
336 562 445 646 prisco
474 582 554 626 acuo
582 559 799 626 inusitatioris
827 564 861 625 ct
883 562 990 648 magis
1014 563 1189 649 uulgarem

170 673 353 718 sermonem
371 649 542 715 referentis
561 645 615 734 (cf.
634 649 736 736 infra)
755 649 864 715 taedio
886 649 1030 737 fugaque
1054 651 1117 718 hoc
1139 652 1189 716 in·

169 741 351 826 tellegitur,
380 735 466 824 quod
494 738 555 803 sub
586 740 676 802 certa
698 738 886 804 condicione
909 739 1189 807 hiare‘uocabula

169 830 357 896 maluerunt
392 831 486 893 uates
521 825 647 892 Fannii.
692 826 766 891 uide
803 828 901 894 modo
937 828 989 893 tit.
1022 827 1136 896 Soram
1155 831 1187 895 ·1

169 918 280 1001 &spere
302 917 437 1024 citemus,
462 915 551 1023 lsiuii
572 915 669 981 ostreo
688 916 813 999 celabo,
842 917 900 982 ortt
919 918 966 983 rbi
986 919 1188 1003 emmaum,

169 1012 360 1161 stulu
377 1005 811 1177 lctltllttitf'ttttl
820 1005 1189 1177 bibulus

170 1181 282 1271 (ciffi)
306 1182 446 1267 eTroic,
466 1181 542 1248 ilico
557 1182 691 1264 auant,
707 1182 818 1264 mma
836 1184 949 1249 medii
966 1181 1094 1268 Oe'rerrs
1117 1206 1188 1250 one-

168 1274 281 1338 rririae'
307 1271 452 1355 onustae,
483 1270 653 1354 monae
669 1270 822 1338 Atinates.
867 1273 1041 1337 uoluerunt
1070 1273 1106 1337 in
1132 1274 1186 1339 his
1222 1299 1223 1354 ᾗ

169 1362 255 1427 docti
278 1361 427 1426 nonnulli
449 1359 573 1424 formas
596 1359 721 1444 priscas
743 1360 917 1426 restituere
940 1360 1060 1448 (ueluti
1079 1363 1185 1428 nomi·
1222 1373 1223 1392 ³

168 1451 299 1516 natiuos
322 1451 401 1528 citis,
423 1449 541 1528 ambae,
563 1449 672 1514 multis
690 1452 767 1514 ectr.
789 1473 798 1533 3
820 1449 877 1514 sed
899 1453 937 1514 ut
959 1455 1098 1534 possunt
1119 1452 1185 1516 for-

169 1540 231 1604 mis
263 1537 395 1604 traditis
427 1536 480 1601 nsi
507 1557 578 1602 esse
605 1536 719 1602 Liuius
776 1539 951 1623 aeuiusque
981 1544 1080 1624 atque
1102 1540 1184 1605 adeo

169 1649 242 1694 cum
265 1627 392 1692 delectu
415 1647 525 1692 casces
548 1625 625 1690 illas
645 1627 808 1710 spreuisse
831 1625 1032 1715 uidentur*)‚
1054 1628 1104 1693 ita
1125 1630 1184 1693 mi-

167 1718 255 1782 nime
273 1716 327 1780 his
345 1714 531 1800 emplastris
551 1735 666 1780 sanare
685 1715 764 1781 licet
785 1716 875 1782 locos
899 1737 1020 1801 omnes,
1044 1739 1183 1802 quorum

168 1808 337 1891 praeterea
359 1825 513 1869 numerus
531 1803 602 1888 ipse
626 1826 646 1868 a
668 1804 730 1869 tali
752 1809 869 1890 coepto
893 1805 990 1871 debet
1012 1806 1183 1872 deterrere.

169 1897 277 1978 spreto
307 1898 415 1959 autem
444 1890 609 1958 Ciceronis
638 1890 697 1976 (or.
724 1893 783 1976 45,
812 1891 891 1982 152)
919 1894 1109 1960 testimonio
1141 1897 1183 1962 ob

169 1986 273 2049 certas
306 2004 421 2048 causas
448 1981 593 2048 inualido
621 1981 730 2047 hiatus
759 2005 778 2046 a
805 1983 912 2067 poetis
940 1984 1096 2049 saturniis
1129 1984 1182 2049 ad-

166 2072 545 2229 uuistullllltl
556 2069 898 2226 illutibilis
917 2071 1067 2226 elifii
1085 2095 1183 2229 {2523

164 2255 279 2316 nostro
310 2251 444 2315 breuem
476 2249 638 2332 syllabam
669 2248 802 2314 finalem
830 2185 1028 2335 proliucipui
1060 2273 1181 2318 arseos.
1218 2277 1222 2379 ¹

164 2361 242 2404 nam
264 2340 328 2404 etsi
352 2337 553 2403 detrahimus
577 2359 615 2402 ea
639 2358 722 2421 quae
745 2337 826 2403 olim
849 2340 949 2425 longa
970 2337 1105 2405 fuerunt
1126 2363 1182 2407 na-

164 2428 318 2492 turaliter
340 2425 392 2513 (ut
409 2425 531 2491 nomin.
548 2425 662 2511 formu,
685 2426 725 2491 de
748 2449 813 2512 qna
835 2449 870 2492 re
893 2429 934 2493 cf.
950 2425 1181 2496 Fleckeiscnus

164 2517 255 2581 misc.
279 2515 349 2580 crit
372 2537 403 2599 p.
428 2515 471 2580 12
495 2536 574 2601 sqq.,
596 2536 695 2599 porro
716 2517 789 2598 fuit,
812 2521 925 2596 censet,
947 2523 1091 2596 macerat,
1113 2539 1180 2585 cen·

163 2615 231 2689 sor,
252 2609 347 2687 pube
375 2604 483 2670 ordine
506 2607 582 2669 ectr.
589 2653 598 2687 ,
630 2607 723 2669 utet
750 2626 810 2690 pro
834 2606 942 2672 deusde
965 2605 1044 2671 olim
1067 2608 1180 2674 decade

164 2689 407 2779 loquebantur),
430 2697 542 2759 tamen
560 2696 688 2758 restant
706 2693 848 2778 plurima
870 2694 966 2761 huius
991 2695 1181 2780 explicatio-

164 2782 216 2848 nis
241 2782 400 2868 expertic,
428 2782 571 2848 utillud
594 2779 714 2846 Naeuii
735 2782 791 2849 src‘b
813 2783 913 2849 unum
934 2785 1099 2864 iudiciuae,
1126 2787 1180 2851 tit.

164 2869 299 2936 Mumm.
321 2872 403 2954 quiid
422 2873 459 2937 in
481 2871 560 2937 bc'llo
581 2869 756 2957 u6(ue)rot,
780 2872 970 2938 aduerbium
995 2873 1098 2960 facilej
1121 2875 1180 2940 im·

236 3081 262 3151 ²)
280 3098 346 3137 nam
365 3081 418 3137 etsi
436 3081 467 3136 in
481 3079 644 3152 Scipionum
663 3081 764 3152 elogiis
782 3077 877 3137 multu·
891 3099 921 3138 re
943 3081 1069 3138 criuntur
1087 3100 1178 3154 casca,

163 3153 235 3208 haec
258 3151 343 3207 facile
366 3153 444 3221 inde,
469 3155 545 3223 quod
567 3153 598 3208 in
616 3154 671 3207 hoc
693 3169 796 3236 genere
839 3170 887 3210 rae
936 3153 1022 3209 ebant
1039 3154 1178 3211 lormulac

164 3222 321 3292 antiquitus
334 3224 466 3293 traditae,
486 3241 568 3279 suum
581 3223 689 3279 habent
702 3224 817 3280 intellec
880 3267 886 3280 .
924 3227 955 3279 st
967 3223 1064 3280 Liuius
1079 3229 1179 3283 contra

163 3294 342 3366 Naeuiusque
361 3296 445 3352 simul
464 3298 545 3352 erant
562 3294 741 3366 grammatici
758 3295 955 3367 magistrique,
973 3296 1022 3365 qui
1041 3313 1075 3352 ex
1092 3297 1178 3354 uiuae

162 3365 277 3440 linguae
297 3368 375 3424 fonte
389 3367 507 3440 perenni
520 3367 681 3423 haurientes
701 3383 767 3424 suae
786 3369 889 3425 aetatis
908 3383 1066 3424 sermonem
1084 3372 1117 3425 ut
1134 3387 1177 3425 re·

163 3439 321 3510 spiciebant
333 3440 375 3496 ita
388 3439 561 3496 excolebant.
599 3436 714 3494 ferimus
729 3439 805 3510 apud
818 3455 866 3494 eos
885 3455 927 3496 ex.
942 3455 983 3511 gr.
995 3442 1088 3511 genet.
1105 3441 1176 3512 sing.

164 3512 306 3584 Monetas,
324 3512 376 3569 sed
393 3511 550 3580 respuimus
569 3509 657 3565 datin.
677 3510 749 3581 sing.
763 3512 887 3581 populoi.
