2470 3898
452 115 665 173 emnrsmo.
1025 121 1066 186 11

56 278 145 363 banl3
174 301 271 364 quum
299 279 336 346 in
362 301 431 346 rem
461 300 558 346 uoces
582 281 721 347 credisse
745 281 787 346 ob
810 281 927 348 herum
949 283 986 348 in
1007 284 1066 350 lin·
1218 275 1219 306 ¹

56 388 117 452 gua
135 369 238 435 latina
256 369 385 454 copiam
407 370 496 434 ultro
520 391 554 434 se
574 369 755 437 offerebant
772 366 900 457 (Scipio,
923 370 1063 453 scone,

51 457 203 539 uldredo).
247 458 310 524 hoc
334 459 401 524 ism
425 480 444 522 a
466 458 626 524 Korschio
651 459 912 526 animaduersum
932 482 1001 527 non
1024 484 1064 528 ex

55 544 211 611 discordia
238 547 299 612 ille
330 547 512 631 explicatur
534 546 725 630 (Muellerus
748 570 780 633 p.
803 547 875 636 57),
905 550 1064 634 siquidem

54 631 87 696 in
107 634 242 702 summo
262 636 355 701 adest
384 636 587 702 accentuulio
612 658 632 701 a
654 637 785 722 uulgari
806 659 875 703 non
895 639 994 704 nimis
1017 662 1065 704 re

54 722 184 810 cedens,
219 725 276 790 sed
309 746 348 790 ex
378 725 523 790 naturali
555 725 697 809 quodam
729 725 837 791 studio
866 726 1065 793 dissoluendi

54 813 170 878 sensim
196 813 232 878 in
258 816 354 898 purte
380 813 564 898 posteriore
590 814 842 900 repugnandum
863 815 957 881 illem
979 817 1066 902 prio-

53 899 95 964 ris
117 902 295 987 propriam.
341 906 374 967 el
400 903 436 967 in
457 903 646 968 uniuersum
673 903 804 988 quidem
827 925 901 969 raro
925 905 1065 971 alterum

52 987 293 1056 hemistichium
322 995 433 1057 seruat
463 991 666 1057 recedentem
695 1013 714 1056 c
741 993 871 1078 uulgari
894 998 1065 1060 accentum

54 1075 102 1162 (ut
118 1081 168 1145 re's
184 1079 260 1146 uolc'
272 1077 430 1166 prcfclu);
451 1101 512 1146 nec
534 1082 645 1145 tamen
667 1080 784 1145 dilulus
806 1085 940 1146 lentum
961 1082 1064 1148 Mum-

53 1168 177 1234 micnus
204 1189 243 1234 eo
270 1172 433 1254 tempore,
461 1189 525 1253 quo
554 1189 632 1234 usus
662 1190 777 1254 arsque
801 1170 966 1236 saturnios
989 1194 1063 1237 con-

53 1254 145 1321 dendi
176 1259 244 1322 ism
275 1277 343 1323 non
372 1257 520 1342 uigebat,
547 1255 714 1322 confeelus
743 1257 876 1343 grauius
900 1259 1064 1344 discrepat

53 1345 118 1409 αἳ
140 1345 278 1411 Remum
294 1346 405 1412 rcdr'elt
425 1345 630 1430 trimphum,
654 1345 711 1410 sed
729 1345 941 1412 inueniuntur
964 1349 1063 1414 etism

54 1432 114 1498 alio
136 1434 296 1519 exempla.
340 1433 389 1500 ibi
412 1456 548 1520 quoque,
571 1434 628 1500 ubi
650 1455 719 1500 non
741 1434 835 1500 adest
856 1456 920 1500 uox
944 1437 1064 1503 cretica

54 1519 153 1606 (cuius
185 1523 234 1589 rei
264 1524 370 1588 mulla
395 1522 607 1595 inueniuntur
633 1524 782 1608 exempla
809 1526 1001 1609 praesertim
1028 1527 1064 1591 in

53 1611 156 1695 priore
180 1632 299 1697 genere
322 1610 519 1700 incisionis),
547 1613 663 1698 quinis
684 1612 788 1678 thesis
811 1613 913 1700 louge
936 1637 1006 1680 esse
1030 1618 1064 1679 et

54 1701 130 1766 ersis
157 1701 332 1786 insequens
362 1702 500 1767 dissolui
522 1704 646 1786 polest:
672 1697 906 1788 Aldcrlr(m)quc
927 1700 1062 1790 u'rbe(m)

47 1790 182 1872 mucel,
204 1787 337 1878 aldum)
359 1792 492 1857 melem
507 1791 622 1876 uotam,
643 1789 736 1872 fo'rtcs
757 1793 811 1856 uc'r
833 1787 952 1878 (neque
976 1791 1063 1857 enim

52 1879 226 1963 subicitur,
248 1882 286 1944 ut
298 1879 385 1945 infra
398 1877 607 1966 uidebimus),
624 1873 726 1944 crebro
739 1878 926 1966 cdrde'umcs,
943 1880 1063 1964 mdccc·

37 1969 110 2049 cuc
130 1968 290 2053 Aturus,
317 1968 481 2051 ddprlmis
507 1968 685 2050 Pcdrdclus,
705 1968 863 2051 prae'dccc‘t
890 1970 992 2036 coldus
1015 1967 1063 2054 (el

52 2055 101 2122 hic
130 2058 167 2122 in
195 2056 299 2122 thesis
334 2057 563 2143 suppressione
597 2056 688 2121 uides
718 2056 838 2122 iterum
867 2057 1062 2124 discordiam

51 2144 139 2211 illam
161 2142 277 2233 nesci).

114 2234 169 2300 Ad
191 2233 345 2321 grauiore
367 2257 427 2300 nos
451 2237 688 2317 comendamus,
710 2233 838 2299 hictum
862 2236 895 2298 el
917 2235 1063 2318 synaloe-

51 2323 145 2408 phen.
189 2327 222 2388 el
248 2323 284 2387 in
311 2323 467 2390 incisione
495 2323 625 2408 quidem
654 2344 783 2409 semper
811 2322 919 2388 locum
942 2322 1062 2389 hebere

51 2411 189 2497 hiatum,
222 2412 342 2478 dudum
374 2417 424 2478 est
456 2413 678 2496 obseruatum
709 2433 814 2496 neque
842 2410 972 2478 difficile
1000 2412 1062 2478 hoc

51 2524 135 2567 nunc
150 2501 329 2584 explicatur
342 2523 381 2566 ex
394 2501 467 2586 ipss
482 2501 608 2587 origine
627 2522 741 2566 uersus
755 2501 870 2566 nostri.
916 2501 1002 2585 quod
1022 2501 1062 2567 ad

52 2595 166 2675 celera,
179 2590 218 2654 in
235 2589 342 2655 thesi
362 2590 476 2655 debel
494 2589 688 2655 uocalium
712 2589 828 2654 elisio
847 2589 947 2656 fieri.
984 2612 1063 2655 num

54 2701 131 2764 quse
153 2678 238 2744 hanc
263 2679 412 2764 regulam
441 2678 587 2744 deserere
610 2677 762 2744 uidendur
785 2678 948 2762 exempla,
976 2678 1064 2742 infru

54 2767 297 2854 explicabuntur
325 2763 377 2854 (ul
404 2767 455 2832 uu
484 2767 553 2834 Sor.
581 2768 603 2832 2
629 2767 700 2832 udde
727 2767 782 2832 lso'c
812 2763 935 2853 solu'to).
990 2787 1063 2831 con-

55 2858 137 2924 sulto
165 2859 274 2922 sudem
301 2856 429 2922 loculus
459 2877 530 2921 sum
558 2856 597 2921 de
625 2855 820 2921 uocalium
850 2855 1062 2940 synaloeph03

55 2946 137 3032 quod
164 2945 205 3011 od
232 2965 264 3010 m
292 2945 426 3030 attinet,
456 2967 578 3010 nouam
605 2966 741 3028 eamque
768 2944 1063 3009 fructuosissimam

56 3035 132 3100 mihi
154 3034 266 3100 uideor
294 3034 411 3100 fecisse
434 3032 707 3101 obseruationem.
752 3033 818 3098 ism
841 3033 899 3099 ulii
922 3033 1063 3117 suspica-

57 3125 170 3190 buntur
195 3145 292 3209 posse
319 3123 478 3190 uocabula
506 3125 541 3189 in
563 3144 596 3189 m
618 3122 771 3189 exeuntia
792 3144 859 3188 non
882 3122 1063 3188 coalescere

58 3236 125 3278 cum
147 3212 191 3277 eis
215 3235 297 3298 quse
321 3235 340 3278 a
363 3213 470 3279 uoccli
493 3213 687 3297 inciperent3
711 3212 845 3276 ulterius
868 3231 1062 3302 progressus

59 3323 114 3457 ll
126 3297 1063 3475 llulffluludllfflffl§ll<¹333

59 3477 199 3568 uescill).
236 3481 282 3545 sic
302 3480 388 3545 enim
406 3502 476 3546 non
491 3480 597 3546 solum
619 3478 768 3542 nonnulli
790 3499 914 3559 uersus,
937 3478 971 3540 in
994 3475 1062 3557 qui-
