2494 3888
167 128 234 194 412
332 129 363 184 Is.
382 127 564 184 AURELIUS
582 123 758 182 AVIANIUS
777 121 1013 180 SYMMACHUS.

214 291 404 357 admiranda
426 289 478 354 cui
501 309 536 353 se
560 287 722 372 aequabat
745 286 850 372 gloria
872 287 986 369 rebus,

213 401 296 445 unus
321 400 412 444 amor
435 377 559 442 cunctis
583 381 618 442 et
639 375 838 461 praesidium
861 373 1080 457 trepidorum3

213 466 429 554 principibus,
452 487 591 550 quorum
613 464 750 548 uiguisti
772 467 933 547 tempore,
957 462 1070 528 doctus
1160 473 1175 522 5

215 560 272 621 aut
295 555 434 620 calearia
456 554 540 618 ferre
563 554 657 622 bonis
681 555 739 617 aut
762 552 855 616 frena
877 551 1038 635 tyrannis.

499 737 665 794 Valerius·
679 737 859 794 Proculus.
907 777 912 784 -

217 895 291 940 cum
314 872 441 957 primis,
465 892 547 956 quos
570 891 638 935 non
660 869 809 934 onerauit
832 869 940 952 gloria
962 872 1108 953 patrum,

215 983 374 1047 ponemus
397 959 586 1043 Proculum,
608 956 696 1023 uitae
719 979 912 1041 morumque
937 957 1051 1022 decore

216 1051 302 1116 haud
322 1070 476 1133 umquam
495 1047 666 1133 indignum
685 1067 881 1132 magnorum
897 1044 1144 1131 Poplicolarum.

218 1138 276 1204 olli
300 1159 427 1221 semper
449 1157 543 1201 amor
564 1135 634 1200 ueri
658 1138 691 1198 et
713 1134 915 1218 constantia,
938 1134 1077 1218 simplex

218 1226 409 1293 caelicolum
432 1225 552 1289 cultus:
575 1245 642 1288 non
664 1223 758 1286 illum
782 1243 934 1307 spernere
982 1243 1070 1287 osses
1161 1232 1177 1282 5

218 1319 264 1399 et,
288 1335 484 1401 quamquam
506 1312 701 1376 reuerendus
725 1316 809 1395 erat,
827 1332 896 1376 non
916 1246 991 1374 inrle
1014 1311 1150 1374 timeres.

515 1497 656 1554 Anicius
678 1495 843 1552 Iulianus.

220 1633 311 1698 ouius
334 1653 412 1714 opes
437 1634 493 1695 aut
516 1629 672 1694 nobilitas
697 1632 754 1694 aut
776 1631 870 1693 tanta
892 1631 1053 1712 potestas,
1099 1626 1103 1631 ’
1223 1631 1224 1668 ³

220 1720 347 1786 cedenti
370 1719 421 1784 cui
442 1741 510 1784 non
532 1717 730 1802 praeluxen't
752 1715 893 1782 Amnius
916 1716 1024 1781 unus?

221 1831 294 1874 acer
318 1807 359 1873 ab
383 1807 514 1892 ingenio
538 1807 728 1891 cunctisque
752 1804 982 1870 adcommodus
1006 1803 1091 1868 idem

220 1897 275 1963 bic
298 1901 330 1961 et
353 1916 447 1961 carus
471 1899 553 1979 erat,
577 1895 721 1959 conferre
744 1893 857 1958 iuuare
879 1895 1013 1976 paratus

220 1983 310 2072 (nam
330 1981 450 2071 diues),
469 1986 540 2048 tum
559 1983 664 2048 celsus
683 1981 875 2064 honoribus,
895 1984 928 2046 et
946 1984 1056 2045 tamen
1073 1979 1138 2044 illis
1167 1993 1182 2042 5

219 2073 386 2159 grandior,
410 2076 542 2136 aeterno
566 2071 742 2155 conplebat
764 2070 895 2134 nomine
918 2068 1068 2134 Romam.

475 2257 658 2313 Petronius
679 2255 878 2311 Probianus.

221 2391 323 2457 iactet
345 2412 380 2455 se
403 2389 550 2455 Fortuna
573 2389 660 2471 aliis,
684 2409 765 2473 quos
788 2388 893 2452 iudice
915 2387 1006 2452 nullo

219 2480 325 2546 lucem
348 2478 389 2543 ad
412 2477 603 2543 Romuleam
626 2498 685 2541 sua
709 2478 781 2541 sola
803 2475 936 2541 licentia
958 2475 1060 2541 nexit:

218 2571 260 2652 te,
282 2566 456 2644 Probiana,
478 2566 596 2650 pudor,
618 2568 651 2628 te
674 2564 754 2629 felix
778 2565 887 2652 gratia
909 2568 1005 2649 teque

218 2654 304 2721 Itala
328 2654 520 2739 simplicitas
544 2675 672 2718 morum
696 2657 729 2717 et
753 2653 900 2719 sollertia
923 2653 1013 2717 iuuit.

154 2801 157 2806 .
220 2743 352 2810 adsidue
376 2742 540 2827 quocirca,
560 2741 723 2827 Augustis
746 2745 845 2807 notus
870 2745 903 2806 et
925 2742 1060 2828 hospes,
1171 2759 1185 2808 5

219 2833 365 2919 praemia
388 2852 582 2916 magnorum
604 2830 746 2895 tetulisti
769 2830 888 2916 dignus
911 2830 1081 2896 honorum.

173 3057 372 3140 hebdomarios
386 3056 472 3140 libros
486 3057 723 3139 epigrammatum
737 3055 896 3139 abiectione
911 3055 1053 3124 condisae;
1071 3057 1144 3114 illud
1158 3101 1163 3113 .
1177 3099 1185 3114 .

175 3146 309 3186 conamur
322 3130 429 3183 imitari
447 3170 454 3184 .
470 3167 476 3182 .
495 3129 611 3183 interim
624 3144 716 3198 pauca
732 3128 798 3184 misi
813 3130 818 3195 Ι
834 3133 848 3182 1
861 3128 904 3183 tit.
914 3127 1053 3182 Arcadius
1071 3129 1154 3185 ruffin

176 3203 205 3268 Γ,
219 3217 290 3257 corr.
305 3201 432 3265 Iuratuc3
451 3215 502 3254 om.
515 3203 539 3252 V
554 3199 559 3269 Ι
575 3205 591 3254 3
606 3199 778 3255 adnitenda.
793 3198 851 3253 tuis
865 3198 1007 3268 aequabat
1020 3203 1052 3268 V,
1067 3202 1186 3256 conat·

173 3270 320 3325 tristitiam
335 3273 385 3325 tua
402 3269 537 3324 mirandis
552 3269 695 3338 aequabat
709 3268 833 3340 (aequali
847 3271 892 3339 ae)
913 3270 1069 3340 t'0pr0sp.
1088 3243 1186 3341 cuique,

174 3339 268 3392 tristia
284 3339 420 3394 mirandis
443 3355 504 3407 aeq.
522 3341 606 3409 auco
639 3342 676 3409 15
695 3340 827 3411 quorum]
847 3339 947 3409 quibua
967 3341 1042 3409 ΓΙθ
1059 3342 1183 3408 tyrannia

175 3407 239 3459 nale
252 3412 280 3488 ,V
302 3408 312 3473 l
333 3415 351 3461 2
374 3409 415 3464 ut.
436 3410 457 3461 Γ
463 3430 470 3463 =
497 3411 643 3478 om.le
667 3410 817 3465 honorauit
836 3412 857 3463 Γ
873 3413 910 3480 12
934 3411 1034 3468 decore
1057 3410 1183 3487 Wirrpca·

176 3475 442 3543 dorptuerdecorem
452 3480 528 3534 codd.
545 3482 550 3550 Ι
566 3478 886 3548 epublioolammcodd.
903 3487 908 3552 Ι
924 3486 940 3537 ὅ
954 3483 1182 3551 peraculum:
1221 3529 1222 3542 ,
