2498 3882
410 116 442 170 P.
462 113 609 171 OVIDIUS
628 114 734 170 NASO.
1015 116 1080 180 349

112 277 213 364 digna
236 277 356 362 dignis:
380 275 426 342 sie
450 274 639 343 Sarmentus
662 278 784 416 habeat
807 299 933 344 orasses
957 280 1042 344 odm-

111 450 411 539 nistiei,nenss1il
435 455 556 539 agatis,
585 367 934 540 siliqdisdessarmentum
959 455 1081 542 alliget.

384 773 418 838 Ρ.
443 723 622 838 ovinius
645 771 768 838 Nise.

423 926 450 980 1.
482 924 725 994 phaenomena.

116 1056 262 1122 Pleiades
288 1061 364 1121 ante
388 1076 490 1141 genus
514 1061 640 1141 septem
663 1057 790 1122 radiare
812 1057 974 1142 feruntur,

115 1167 175 1211 nee
198 1151 310 1211 tamen
332 1148 469 1228 apparet
493 1146 553 1210 sub
577 1167 679 1230 opaea
703 1145 842 1229 septima
862 1146 959 1211 nube.
1027 1191 1030 1196 -

114 1291 167 1352 tot
188 1309 322 1352 numero
345 1288 470 1370 talique
494 1287 571 1351 deus
595 1288 769 1352 simulacra
791 1289 897 1374 figura

47 1417 50 1422 -
114 1377 260 1459 inposuit
283 1376 372 1441 eaelo
396 1397 517 1459 perque
541 1380 629 1440 atras
655 1398 768 1460 sparsa
790 1377 941 1441 tenebras

114 1465 202 1528 alara
225 1465 397 1548 pruinosae
420 1465 518 1529 iussit
542 1465 618 1529 dare
641 1464 767 1529 lumina
788 1466 886 1530 noeti·

306 1652 351 1708 11.
382 1650 515 1707 ludicra
537 1653 573 1706 et
595 1650 846 1719 epigrammate.

115 1768 150 1829 at
173 1765 200 1829 si
219 1764 395 1829 contuleris
418 1786 491 1830 eam
513 1764 674 1849 lacernae,

117 1856 292 1937 conspeetu
315 1852 458 1918 melioris
482 1853 648 1919 obruatur.

115 1994 198 2079 ride,
221 1994 250 2058 si
273 1995 375 2080 sapis,
398 2017 417 2060 o
441 1995 564 2081 puella,
587 1995 665 2060 ride.

69 2203 200 2259 benitate
218 2203 378 2272 promeritis
401 2220 434 2260 eo
457 2205 577 2260 fiduciae
600 2203 692 2272 nonii,
715 2205 748 2258 ut
770 2222 821 2274 pro
845 2205 939 2273 equite
957 2205 1084 2262 Romano

69 2277 171 2346 ageret
188 2275 217 2328 et
235 2275 377 2330 decuriam
394 2293 506 2346 qnoque
525 2275 714 2344 quaestoriam
729 2281 913 2345 compararet.
932 2292 1017 2346 quare
1035 2294 1086 2347 per

68 2347 163 2414 ludos,
177 2345 277 2414 quibus
291 2347 412 2416 primum
427 2345 499 2420 (in)
512 2345 592 2400 XIIII
606 2347 749 2401 ordinibus
764 2347 845 2415 redit,
864 2348 935 2402 haee
949 2365 967 2402 a
979 2350 1085 2418 populo

4 2443 17 2492 I,
68 2419 100 2473 iu
128 2434 192 2471 eum
220 2416 296 2471 diota
323 2421 387 2471 sunt
412 2448 446 2458 -
471 2420 533 2472 tum
560 2419 593 2472 ut
621 2435 734 2473 causam
761 2420 913 2488 usurpatae
937 2419 1085 2490 dignitatis

4 2493 18 2552 Ι
69 2488 157 2556 dixIt,
184 2487 314 2557 precibus
342 2491 371 2543 et
398 2488 491 2558 gratia
519 2490 659 2544 summoto
692 2491 853 2543 accusatore
882 2489 1014 2545 dimissus
1043 2495 1087 2546 est

68 2564 135 2616 ectr.
157 2563 161 2628 Ι
182 2563 196 2612 1
217 2564 242 2614 a
260 2566 276 2614 2
296 2557 469 2614 Sarmentius
488 2562 578 2629 codd,
597 2577 667 2618 corr.
688 2562 818 2617 Pithoeus
838 2567 843 2631 Ι
863 2567 879 2615 2
899 2569 1086 2619 crassescit

69 2630 158 2700 agitis
177 2631 268 2697 codd„
286 2645 356 2686 coer.
376 2630 512 2686 Pithoeus.

4 3083 21 3190 i
73 3214 108 3252 es
126 3198 189 3252 dari
207 3213 277 3254 corr.
295 3203 322 3251 1
337 3197 342 3269 Ι
357 3199 418 3254 noti
436 3204 457 3252 Ρ
474 3201 484 3269 Ι
502 3205 518 3253 t
539 3201 655 3271 Quietil.
675 3200 727 3254 XII
747 3206 789 3268 10,
809 3206 842 3255 75
866 3200 899 3252 ut
916 3199 982 3254 lana
999 3200 1091 3256 fincta

6 3327 18 3350 ὦ
75 3268 140 3324 fuco
160 3269 231 3324 oItra
248 3285 386 3341 purpuras
405 3271 508 3342 placet,
537 3271 579 3325 ‘at
597 3303 630 3312 —
649 3270 808 3340 obruatur’,
831 3273 863 3324 nt
882 3268 999 3326 OuidIus
1022 3273 1063 3328 aii
1083 3272 1087 3345 Ι

76 3347 91 3394 1
111 3342 142 3394 at
158 3341 254 3412 welpo:
274 3357 309 3396 ao
327 3343 403 3397 codd.
420 3344 426 3410 Ι
447 3357 508 3397 eam
527 3341 676 3398 Heiasius:
695 3341 781 3398 etiam
801 3342 877 3398 codd.
898 3343 903 3412 Ι
922 3349 985 3412 post
1001 3342 1090 3400 larer-

73 3428 128 3467 nae
147 3412 323 3480 anapaesti
340 3413 485 3482 Hauptius
503 3429 596 3484 opaea
615 3411 655 3467 lII
678 3420 744 3482 sel,
768 3415 816 3484 qui
834 3419 859 3470 et
881 3413 1089 3471 obrueturma-

74 3484 128 3539 Ias't
150 3484 160 3551 Ι
179 3487 197 3536 4
214 3483 302 3540 Mart.
321 3481 347 3538 Π
366 3489 414 3552 41,
435 3490 456 3554 1Ι
468 3515 503 3526 -
522 3485 672 3554 Paelignus
691 3488 760 3556 puto
778 3485 889 3542 dixerat
910 3487 1010 3555 poeta;
1033 3503 1090 3542 aon

144 2703 287 2755 ovlmvt.
327 2708 340 2755 1
361 2701 469 2757 Probus
487 2703 526 2757 od
546 2701 747 2772 Georp.1138
770 2702 948 2760 Pleiades..
968 2722 1087 2773 quarum

69 2772 244 2828 mentionem
267 2771 338 2826 faoit
360 2770 476 2827 Ouidius
501 2771 532 2826 in
556 2774 758 2842 phoenomenis
780 2774 877 2828 dioens
901 2775 936 2830 de
958 2775 1085 2846 Perseo!

73 2851 89 2898 1
108 2841 218 2914 pIIader
237 2848 257 2895 P
272 2846 277 2912 Ι
293 2843 372 2915 ante]
392 2845 487 2898 autem
505 2845 581 2912 712
600 2860 652 2898 nec
670 2847 782 2927 permar
802 2845 853 2899 sed
865 2849 913 2897 Π
929 2847 934 2915 Ι
950 2847 1090 2916 apparent

71 2919 96 2966 V
118 2915 129 2984 Ι
150 2913 362 2970 saansaan
385 2919 402 2968 5
424 2913 550 2970 Naso..
574 2932 638 2970 eum
664 2914 781 2983 librum,
810 2932 865 2984 quo
893 2917 1088 2986 phaenomena

71 2985 198 3040 breuiter
210 2985 432 3055 comprehendit,
448 2985 491 3041 his
504 2986 595 3041 tribus
609 2986 736 3042 uersibus
750 2987 917 3041 terminauit
932 2991 937 3055 Ι
955 2994 969 3041 1
984 2987 1088 3057 figuras
1205 3049 1208 3056 ,

72 3061 94 3109 B
111 3062 178 3110 Μ
197 3061 223 3108 11
238 3059 243 3127 Ι
259 3062 276 3111 2
294 3055 406 3127 inposui
424 3060 493 3112 Bm.
510 3063 524 3111 1
541 3060 546 3127 Ι
562 3061 685 3128 perqu{e
701 3062 753 3110 ΒΗ
773 3060 801 3128 (a
819 3060 909 3128 eraso)
926 3061 931 3126 Ι
948 3060 1025 3113 astra
1042 3063 1066 3112 B
1085 3058 1088 3130 Ι

73 3131 190 3196 sparsa}
207 3131 230 3196 (s
250 3129 340 3196 eaeo)
359 3133 380 3180 B
398 3130 403 3198 Ι
419 3135 436 3183 3
454 3129 585 3199 pruinose
603 3132 623 3181 B
642 3145 676 3183 m.
694 3135 708 3183 1
725 3128 730 3200 Ι
745 3128 862 3183 numina
879 3133 900 3180 P
920 3144 955 3182 m.
971 3132 985 3181 1
1002 3131 1007 3198 Ι
1024 3129 1090 3185 dare
