2498 3882
389 123 426 179 M.
444 121 652 178 TERENTIVS
671 121 805 179 VARRO.
1041 121 1106 187 295

144 286 297 371 Hostem,
320 286 473 370 Romani,
496 286 525 350 si
548 307 587 351 ex
610 306 690 372 agro
715 285 874 370 expellere
897 285 1012 370 uoltis,
1123 291 1141 348 2

144 377 298 460 gentibus
323 397 404 460 quae
428 375 555 440 uomica
578 377 628 438 est
651 375 762 460 longe,
785 373 855 438 ludi
877 375 1025 440 nonestis

144 465 281 530 comiter
303 467 341 528 ut
363 465 444 528 fient
466 462 599 528 Phoebo
622 462 832 528 redeuntibus
855 464 949 528 annis

143 553 337 638 publicitus,
361 553 445 638 stipe
469 552 610 616 conlato.
646 551 731 616 ludis
753 549 913 616 faciundis

106 659 124 708 5
144 642 269 726 praesit
293 643 348 726 qui
372 663 534 706 summum
557 639 679 726 populo
702 639 874 725 plebeique
897 640 988 705 dabit
1010 637 1069 706 ius.

144 733 308 796 mactetur
330 729 382 795 bis
406 731 546 816 quinque
569 729 649 794 uiris
673 747 791 812 graeco
814 728 924 794 hostie
946 729 1022 794 ritu.

37 841 43 852 ·
144 819 209 884 hoo
231 823 318 884 recte
342 819 370 884 si
392 817 519 903 faxitis,
542 817 726 904 gaudebitis
751 837 878 902 semper

39 994 41 997 Ι
142 911 320 992 nostroque
342 929 395 973 res
418 907 475 972 fiet
498 907 626 972 melior:
651 906 729 971 deus
753 906 862 991 exiget
884 905 940 971 ille

143 996 339 1081 perduelles,
363 997 418 1081 qui
440 1000 586 1062 uestrum
610 1015 726 1082 agrum
748 994 874 1078 placide
897 997 1085 1080 pascuntur.

342 1295 386 1362 M.
409 1292 663 1360 TERENTIVS
687 1293 850 1360 VARRO.

259 1446 286 1506 L
317 1448 371 1502 Ex
392 1446 651 1503 hebdomadum
674 1444 935 1515 epigrammatis.

132 1562 268 1650 (lapella
289 1560 427 1627 Homeri
450 1559 586 1626 odndida
607 1559 689 1626 hoec
711 1561 875 1626 tumulum
897 1559 1033 1649 indicat,
1122 1569 1139 1624 1

133 1651 221 1736 quod
244 1651 306 1716 hdo
328 1650 417 1716 Ietae
440 1652 571 1714 mdrtuo
593 1647 720 1714 faciunt
743 1671 844 1716 soora.

88 1863 201 1919 Lumbi
220 1863 244 1916 is
262 1862 347 1934 uulpo
372 1863 376 1929 Ι
400 1875 468 1914 nem
486 1858 557 1913 mihi
574 1858 623 1912 its
634 1857 763 1928 Iuppiter
779 1859 855 1914 fetus
875 1863 919 1916 est
935 1862 1028 1933 uulpo,
1047 1877 1105 1918 cor·

86 1937 149 1990 rexi
166 1939 282 1989 oderem
299 1933 501 1988 nominatim
518 1929 593 1985 louis
616 1945 748 1999 reponem
770 1932 838 2000 (noo
860 1935 1105 1989 commendatoriis

87 2023 155 2060 nem
172 2003 244 2059 mihi
263 2004 332 2058 itast
349 2003 370 2058 Ι.
384 2002 415 2071 f.)
430 2004 470 2073 {12
488 2003 528 2056 sic
546 2003 699 2056 introdusit
715 2001 821 2057 Liuius
839 2004 856 2056 l.
872 2003 889 2060 l.
908 2006 969 2058 tum
984 2002 1104 2060 alterum

87 2093 203 2132 carmen
221 2076 384 2144 recitatum,
407 2090 463 2128 non
486 2088 520 2127 eo
543 2074 654 2126 tantum
673 2072 831 2142 obscurius,
860 2073 928 2156 quis
954 2075 1105 2131 incertiore

41 2200 43 2205 .
87 2148 186 2202 futuro
202 2145 363 2216 praeteritis
383 2145 456 2212 sunt,
476 2143 526 2198 sed
544 2141 705 2213 perplexius
719 2143 805 2199 etium
819 2145 975 2214 sumpturae
989 2162 1105 2216 genor03

87 2219 170 2274 babet
188 2222 332 2290 praeterea
350 2213 474 2271 Maerob.
493 2215 506 2268 Ι
527 2219 573 2281 17,
592 2220 626 2270 28
652 2214 742 2269 fertur
764 2217 860 2270 sutem
881 2217 911 2270 in
935 2215 1105 2272 torminibus

87 2288 189 2346 Moroii
207 2288 296 2356 ustis,
319 2286 398 2342 euius
421 2288 476 2340 duo
499 2283 645 2340 uolumina
666 2284 840 2340 inlatosunt
856 2287 887 2341 in
905 2289 1043 2356 senatum,
1062 2286 1105 2342 in·

87 2362 206 2416 uentum
234 2376 296 2414 osse
321 2359 364 2413 ito
392 2355 530 2426 seriptum
554 2359 559 2426 1
585 2361 600 2410 1
622 2356 735 2412 hostem
759 2357 863 2412 Maon:
890 2358 980 2413 hostis
1007 2357 1075 2414 Isiu.
1099 2359 1103 2430 l

89 2449 124 2487 ex
143 2447 213 2502 sgro
231 2447 282 2486 om.
297 2429 364 2484 rso.
381 2431 385 2498 l
401 2433 418 2482 2
436 2426 549 2482 nomios
567 2428 655 2496 (osm
670 2428 772 2496 Mser.)
792 2444 862 2496 quse
881 2428 1009 2498 gentium
1027 2429 1107 2486 uenit

86 2504 188 2572 longe,
214 2501 359 2556 uouendos
386 2514 487 2554 censeo
515 2501 550 2568 (o.
568 2516 599 2580 u..
619 2499 722 2624 plump
751 2499 833 2554 ludos
856 2500 948 2569 ambo,
971 2501 1103 2575 correxit

87 2579 104 2627 3
124 2574 174 2642 qui
196 2571 347 2642 quotannis
369 2570 488 2626 comiter
505 2569 632 2638 Apolhm
649 2569 705 2624 fian
737 2572 828 2639 ambo,
848 2573 957 2627 corrept
971 2574 976 2642 Ι
992 2577 1010 2626 4
1027 2572 1105 2644 publ.

87 2645 162 2714 stipe
181 2643 295 2699 conlato
314 2643 426 2712 scripsi:
451 2657 514 2695 oum
532 2641 653 2710 populus
672 2640 783 2696 dederit
800 2657 835 2696 ex
852 2642 967 2712 publico
986 2647 1106 2714 portem,

17 2743 25 2760 ι
86 2715 195 2787 priuati
210 2715 254 2770 nti
273 2711 419 2769 conferant
436 2728 487 2781 pro
506 2726 536 2766 se
554 2713 639 2778 atque
654 2709 711 2766 suis
726 2712 830 2767 Liuius
844 2715 931 2783 plane
947 2716 1106 2785 interpretis

86 2788 181 2856 officio
198 2787 330 2856 sospem
349 2800 400 2839 om.
418 2784 484 2838 baec
503 2783 611 2848 Mao.;
630 2789 752 2852 perquer
769 2783 814 2837 his
831 2785 889 2854 (iis)
907 2785 982 2856 ludis
1000 2783 1106 2842 fsoien·

87 2856 132 2913 dis
156 2857 165 2926 l
189 2857 331 2926 opressit
352 2855 376 2910 is
395 2853 618 2923 praetorum.
637 2853 759 2920 proserit
776 2856 891 2924 praetor
913 2857 938 2910 is
956 2855 1036 2923 Itur
1059 2871 1105 2911 en-

82 2930 263 3000 pliootionem
280 2927 346 2982 eieci
361 2932 366 2992 Ι
382 2926 431 2995 qui
449 2925 492 2979 ius
507 2942 534 2994 p.
549 2941 576 2993 p.
597 2924 678 2979 debit
694 2942 834 2980 summum
848 2927 927 2982 moto
943 2929 948 2997 1
965 2933 980 2982 6
995 2927 1105 2982 denem-

85 2995 485 3126 usmuou
504 2995 1106 3150 oms*

85 3143 222 3212 Soaliper)
248 3141 253 3212 Ι
278 3147 295 3196 8
318 3139 423 3207 fietque
444 3153 489 3191 res
512 3138 608 3192 uestro
626 3137 752 3208 (pubhos
771 3140 875 3208 Maur.)
894 3140 994 3196 melior
1017 3141 1104 3209 ambo,

85 3229 158 3270 corr.
177 3211 344 3268 Ribbeeltius
368 3215 372 3274 Ι
397 3224 463 3262 nam
485 3207 510 3261 is
533 3209 616 3263 diuus
640 3208 729 3276 (dium
747 3209 825 3280 Lite.)
848 3210 995 3282 extinguet
1017 3213 1105 3281 ambe,

84 3285 195 3341 correxi
219 3286 223 3353 Ι
249 3278 435 3362 tpsrduellis
459 3279 512 3347 (os
531 3279 634 3348 Matr.)
657 3282 765 3336 nostros
787 3281 836 3350 qui
859 3284 968 3338 uestros
992 3298 1105 3354 compos

84 3357 209 3426 pascunt
225 3351 336 3423 plaude
355 3352 442 3417 ambo,
461 3351 577 3405 correxi.

158 3427 272 3476 ωηο
301 3423 426 3490 (melosa
448 3425 515 3476 sunt
536 3427 648 3476 saturae
672 3422 835 3504 Menippeas
856 3424 1043 3494 fropmento);
1068 3423 1104 3491 es.

83 3511 173 3566 supro
183 3510 213 3565 p.
224 3499 258 3549 26
268 3509 306 3564 sq.
320 3496 330 3563 l
345 3501 359 3548 1
375 3493 442 3548 Getl.
457 3490 498 3545 111
513 3497 582 3560 11‚s
596 3491 635 3548 M.
648 3492 738 3548 Varro
753 3511 783 3548 1n
796 3494 869 3551 libro
883 3496 918 3549 de
932 3493 1104 3564 imaginibus
