2470 3898
155 119 197 184 12
553 114 767 173 PRAEFATIO.

153 283 214 348 bus
230 283 327 347 antea
339 281 479 366 pessime
493 280 612 365 prioris
625 280 731 364 partis
751 279 854 344 thesis
873 281 974 344 tertia
992 301 1170 364 suppressa
1216 279 1217 288 ’

153 371 343 456 uidebatur,
374 371 441 436 iam
472 374 560 435 recte
587 369 773 454 profluunt,
804 372 842 433 ut
864 367 983 433 Naeuii
1009 369 1057 434 chi
1079 369 1170 450 fords

153 460 323 526 amostra
351 464 384 524 et
407 459 494 523 Liuii
520 463 578 523 aot
598 459 634 523 da
651 457 767 541 Pylum
788 458 966 542 Mutamus,
989 457 1046 522 sed
1069 456 1169 524 etiam

153 548 278 614 multae
309 546 507 613 mutationes
535 547 618 611 fiunt
646 567 919 630 superuacaneae:
953 546 1040 628 epod
1068 546 1169 630 Nym-

146 637 247 721 ptdm
276 635 434 720 Acasto,
463 637 617 720 coplata
644 635 761 713 ordret,
787 636 909 716 patim
934 633 1056 719 motat,
1083 640 1170 718 post-

152 725 248 809 padm
269 725 360 791 medat
382 725 517 808 apat,
539 724 701 790 ambonem
722 724 846 802 astra,
877 723 1037 806 dptamm
1062 724 1171 807 oppe‘l-

154 816 215 898 zat,
244 812 374 880 Trcidm
402 813 510 880 actem
536 814 681 895 liquissct.
726 811 844 897 quibus
871 811 953 876 locis
984 812 1113 897 syllaba
1134 813 1169 877 in

153 923 186 967 m
209 902 318 967 exiens
342 923 452 968 assem
480 902 515 966 ui
537 901 624 966 inira
646 900 856 986 disceptanda
878 900 980 986 longa
1000 901 1049 966 fit.
1094 901 1170 966 hinc
1217 917 1218 996 p

155 995 291 1075 apparet
322 990 357 1056 in
389 990 486 1056 titulo
519 987 645 1054 Ceicilii
671 1012 702 1054 u.
726 990 747 1054 3
769 1009 862 1072 quom
889 991 980 1072 apud
1000 1011 1070 1055 esse
1094 1012 1170 1055 ana-
1217 1069 1218 1074 ἵ

153 1083 317 1164 paestum3
351 1077 435 1164 Scip.
458 1079 536 1145 112
559 1078 697 1144 danao
723 1077 849 1161 epam
872 1078 1001 1144 hiatum
1023 1079 1059 1143 in
1081 1078 1169 1144 thesi
1217 1109 1218 1160 q

155 1190 192 1233 eo
216 1169 302 1252 quod
325 1170 494 1234 dumorum
521 1166 698 1253 genuinum
725 1166 932 1232 abbreuiauit
954 1167 1096 1251 lapicida
1119 1189 1170 1232 ex-

153 1257 324 1342 plicari*);
352 1255 436 1342 Seip.
459 1255 510 1322 HI
537 1258 552 1320 1
579 1255 649 1341 (qui
670 1277 786 1320 uersus
813 1258 929 1340 postea
951 1255 1081 1321 additus
1106 1256 1169 1340 est)

152 1347 304 1432 neglecto
333 1367 371 1411 eo
400 1346 487 1431 quod
508 1345 544 1410 in
565 1344 713 1429 margine
745 1347 796 1409 est
819 1344 965 1410 additum
987 1346 1058 1426 paci
1080 1366 1171 1410 scan-

154 1434 294 1499 dendum
323 1455 393 1499 csse
425 1430 573 1518 apicellae)
604 1435 725 1516 ancipite
750 1431 860 1515 Djdte
887 1430 941 1518 (de
965 1433 1106 1518 syninesi
1129 1433 1169 1498 cf.

153 1520 263 1604 infra).
308 1521 384 1586 hinc
407 1543 535 1606 quoqoe
558 1524 593 1585 et
614 1521 801 1606 fragmenta
824 1524 900 1586 ante
924 1521 1110 1606 desperata,
1132 1527 1171 1588 ut

152 1609 272 1675 Naeuii
301 1610 345 1675 35
377 1607 449 1695 (ubi
474 1609 653 1675 falsissime
676 1609 809 1676 Valerio
841 1609 944 1675 Menii
970 1632 1169 1696 praenomen

152 1699 254 1764 fuisse
287 1699 388 1763 sumit
418 1697 623 1764 LMuellerus
651 1701 783 1765 auctore
811 1698 952 1764 Merula:
985 1698 1024 1764 cf.
1054 1699 1169 1785 Pauly,

154 1787 273 1872 encycl.
300 1788 378 1852 real.
404 1782 452 1851 VI
480 1785 597 1873 2336),
633 1787 703 1852 sine
735 1787 929 1853 difficultate
959 1788 1026 1852 iam
1057 1789 1170 1874 legun·

154 1873 268 1961 turim)
288 1880 322 1941 et
338 1875 494 1942 falsitatis
513 1877 753 1962 redarguuntur
772 1876 976 1942 coniecturae
999 1877 1169 1943 doctorum

226 2068 251 2138 ³⁸²)
269 2067 402 2138 lapicida,
423 2086 481 2124 non
499 2068 577 2124 tituli
591 2069 698 2135 auctor,
717 2070 748 2124 in
761 2085 794 2124 eo
810 2084 921 2137 quoque
934 2069 1074 2138 peccauit,
1093 2070 1169 2140 quod

153 2137 222 2194 ibid.
251 2145 268 2194 3
297 2139 378 2196 dedit
405 2141 521 2196 Luciam
548 2140 690 2210 Scapiorw,
718 2141 791 2208 filios
812 2139 947 2207 Barbati,
975 2140 1025 2194 ubi
1048 2141 1168 2196 emendo

153 2211 240 2277 rilicm
259 2213 325 2280 (non
343 2214 459 2267 auctore
477 2211 588 2266 Heueto
606 2211 685 2280 tilio).
710 2241 744 2250 -
768 2211 799 2265 in
816 2209 893 2266 Liuii
916 2226 999 2265 uersu
1017 2213 1106 2284 igitur
1123 2214 1167 2268 dc-

152 2299 227 2335 mam
251 2283 332 2338 Ulixi
350 2297 396 2337 cor
413 2283 499 2349 frixit
515 2298 583 2364 prae
595 2298 704 2351 pauore
717 2279 894 2337 LMuellerus
911 2298 957 2338 cor
975 2285 1041 2338 ante
1060 2285 1167 2339 mam
1213 2276 1220 2379 l

153 2350 267 2407 traiecit
290 2350 425 2422 pessime,
455 2351 595 2420 siquidem
617 2354 706 2422 ipitas
728 2354 835 2408 denam
857 2352 1014 2408 necessario
1034 2355 1168 2410 cohaeret

153 2425 198 2492 (ut
219 2422 295 2493 apud
317 2423 461 2492 Plautum)
484 2440 536 2478 nec
559 2423 617 2478 iam
637 2423 754 2479 ‘hiatus’
775 2425 818 2479 est
840 2423 988 2479 offensioni
1010 2425 1055 2493 (de
1073 2443 1167 2496 gram·

153 2492 321 2548 matiecrum
340 2492 463 2549 lectione
482 2495 576 2550 donus
594 2493 629 2550 cf.
648 2497 745 2550 notam
763 2496 824 2565 sq).
862 2496 988 2550 osterum
1006 2494 1065 2551 scio
1084 2497 1114 2551 in
1131 2498 1167 2553 ti-

152 2563 208 2619 tuli
235 2563 300 2619 Osci
325 2562 464 2634 (acerem
483 2570 566 2634 287&
597 2565 632 2620 cf.
660 2566 847 2622 Buechelerus
868 2583 906 2620 m.
929 2565 982 2620 Rh.
1003 2571 1037 2621 30
1056 2585 1083 2636 p.
1103 2573 1166 2638 442)

156 2634 294 2690 Saturniis
318 2635 449 2690 uoculem
472 2635 502 2692 in
519 2636 738 2692 indesinentem
761 2635 918 2692 coalescere
942 2653 1007 2691 cum
1025 2640 1168 2707 sequenti;

154 2706 202 2762 sed
220 2707 294 2761 nihil
312 2707 366 2762 hcc
385 2707 422 2760 ad
440 2705 594 2763 latinorum
622 2709 811 2763 saturniorum
828 2725 911 2762 usum
930 2707 1086 2776 antiquitus
1106 2727 1169 2766 san·

153 2777 255 2845 citum;
275 2778 384 2846 quade
403 2794 433 2833 re
451 2778 524 2834 alias
543 2779 633 2848 plura.

223 2847 265 2916 *ἢ
283 2849 353 2904 data
374 2849 523 2906 occasione
545 2866 660 2919 moneo,
683 2849 834 2906 falsissime
853 2848 1044 2905 LMuellerum
1067 2852 1168 2921 (praef.

153 2915 228 2974 Enni
246 2937 274 2988 p.
291 2919 382 2974 XLIV
401 2923 474 2990 sqq.)
492 2920 637 2990 ingentem
662 2920 693 2975 in
711 2920 881 2976 carminibus
901 2920 1040 2976 Satinniis
1058 2939 1168 2992 grassa·

152 2991 213 3044 tam
226 3007 286 3044 esse
300 2989 549 3060 interpolationem
563 2995 656 3046 mente
671 2991 725 3046 sibi
739 2992 860 3046 finxisse.
882 3009 950 3048 nam
968 3008 1065 3047 omnes
1083 2992 1167 3049 hexa-

152 3059 236 3114 metri
255 3061 417 3131 similesque
435 3080 533 3118 uersus
547 3062 614 3118 inde
632 3063 701 3118 facti
720 3061 933 3132 simplicissimis
951 3063 1083 3118 remediis
1102 3082 1167 3136 pos·

153 3134 219 3186 sunt
237 3132 331 3188 sanari
350 3137 380 3188 et
401 3134 539 3189 maiorem
556 3136 668 3204 partem
685 3133 779 3190 medio
799 3134 912 3189 demum
930 3149 1001 3189 aeuo
1020 3137 1086 3190 suut
1103 3136 1166 3192 orti.

153 3200 183 3256 in
200 3200 275 3258 Liuii
293 3220 376 3259 uersu
393 3205 424 3260 in
441 3207 511 3262 nota
529 3205 673 3275 superiore
691 3205 813 3262 motato
832 3222 865 3260 ex
879 3205 968 3261 Paulo
987 3224 1014 3276 p.
1031 3211 1065 3260 70
1084 3205 1166 3262 disci·

152 3289 214 3328 mus
233 3276 432 3344 grammaticos
456 3278 562 3333 demam
580 3276 733 3331 remouisse
752 3280 782 3332 et
799 3276 958 3346 reposuisse
976 3279 1080 3344 demam
1099 3295 1165 3334 nam

153 3360 212 3400 esse
226 3345 299 3402 hane
313 3347 562 3418 grammaticorum
576 3345 720 3403 fictionem
735 3346 866 3403 ‘hiatum’
891 3346 1056 3417 delendum,
1074 3350 1165 3418 primo

153 3421 272 3491 apparet
294 3421 408 3502 optutu,
433 3419 573 3489 siquidem
596 3421 690 3474 ᾱεηιιιε
711 3418 802 3474 forma
820 3419 981 3475 reiectanea
999 3422 1029 3475 et
1046 3419 1166 3475 ridicula

153 3490 205 3544 est.
243 3490 293 3547 sed
311 3509 341 3547 m
359 3493 469 3548 textum
492 3492 545 3546 has
563 3490 797 3562 interpolationes
820 3507 898 3545 raras
917 3490 1030 3548 omnino
1048 3509 1105 3548 non
1123 3493 1164 3548 in-
