2484 3886
265 126 298 180 X.
317 125 546 203 FRAGMENTA
563 127 748 186 INCERTAE
768 128 879 186 SEDIS.
1014 125 1077 190 133

148 289 288 354 tibicina
310 289 451 356 maximo
474 290 587 356 labore
609 292 724 378 mugit.
1092 291 1148 348 542

150 430 275 498 Paulos
286 452 322 514 p.
335 435 392 498 59:
416 430 624 499 ‘crebrisuro'
644 433 730 518 apud
748 431 891 498 Ennium
914 430 1078 517 signifieat
1091 432 1148 491 543

59 521 190 586 1151111111
211 520 334 586 crebris
358 520 456 605 suris,
478 520 512 585 id
534 525 585 587 est
607 522 705 608 palis,
727 521 899 588 munitum.

57 751 89 814 di
116 661 253 815 'fam
274 683 308 746 p.
332 665 391 728 62:
424 661 648 748 ‘corpulentis'
676 663 803 730 Ennius
835 685 896 748 pro
924 623 1077 748 ‘mannis’
1092 663 1149 719 544

89 773 152 815 11.

125 891 260 960 seona
281 894 326 958 od
345 892 425 959 Aen.
448 893 473 958 I
491 899 569 960 190:
595 893 722 959 Ennius
746 892 867 959 ‘auium
890 892 1020 980 uulgns'
1045 896 1078 957 et
1092 893 1149 951 545

58 978 293 1048 ‘hastatorum'
313 980 390 1048 dioit
409 981 593 1064 [hastarum
613 983 694 1048 alibi
709 985 814 1065 codex]
835 980 1078 1047 multitudinem

58 1075 91 1136 et
114 1071 326 1138 hastatorum
351 1070 535 1152 [hastarum
557 1072 634 1154 556]
659 1076 692 1138 55
715 1072 833 1137 auium.

127 1212 307 1296 Porphyrii>
329 1214 374 1278 56
393 1213 474 1279 Hor.
496 1219 554 1280 sot
578 1212 601 1277 1
621 1219 650 1298 1,
674 1218 715 1280 61
743 1209 848 1298 (bona
875 1233 951 1296 pars
977 1211 1079 1276 homi·
1093 1213 1150 1269 546

58 1300 176 1456 Igffl
188 1299 398 1456 ’ξὲᾃὶἐιιωο
411 1324 472 1388 pro
487 1301 630 1388 ‘magne'
645 1301 777 1387 dietum,
791 1305 829 1365 115
843 1321 938 1436 saepe
953 1299 1079 1366 Ennius

129 1531 194 1599 oo.
218 1532 308 1597 Taso.
330 1532 389 1599 IV
406 1535 464 1616 23,
486 1534 546 1598 52.-
577 1553 620 1596 an
653 1536 703 1597 est
735 1532 908 1616 quiequam
941 1530 1079 1595 similius
1094 1533 1149 1590 547

60 1619 211 1686 insaniae
235 1641 345 1705 quam,
360 1620 424 1705 ira,
452 1621 660 1705 quambene
688 1620 816 1686 Ennius
844 1619 975 1685 initium
999 1619 1081 1683 dixit

60 1709 234 1774 insaniae?

128 1851 254 1918 Paulus
269 1873 306 1936 p.
328 1855 387 1917 681
420 1849 612 1918 ‘daedalam'
636 1872 655 1916 a
682 1850 843 1917 uarietate
870 1872 979 1916 rerum
1003 1849 1080 1914 arti·
1093 1851 1150 1906 548

61 1939 277 2026 ficiorumqne
318 1931 440 2006 dietam
485 1961 555 2006 esse
597 1940 682 2025 apud
721 1939 908 2004 Lucretium
949 1944 1080 2022 terram,

62 2029 150 2113 apud
171 2027 316 2094 Ennium
334 2027 517 2096 Mineruam
540 2077 570 2095 ..
592 2028 690 2094 facile
714 2032 764 2096 est
782 2027 984 2114 intellegere,
1007 2049 1081 2093 oum

63 2138 181 2202 graece
204 2114 399 2184 δαιδάλλειν
423 2118 584 2204 significet
607 2119 741 2184 uariare.

129 2259 263 2328 Seruius
285 2261 329 2325 ad
349 2235 429 2326 Aen.
451 2230 532 2325 'XII
550 2263 629 2326 6651
661 2259 796 2344 entiqua
827 2257 925 2323 lectio
958 2254 1081 2320 ‘floros'
1095 2258 1152 2316 545

62 2347 255 2503 ffirrssusi.
289 2370 315 2414 e.
352 2348 559 2433 florulentos,
598 2349 767 2434 pulchros3
808 2352 841 2413 et
882 2350 933 2412 est
975 2366 1080 2411 sermo

129 2578 221 2646 Seria
248 2581 293 2645 od
316 2578 395 2645 Aen.
425 2584 446 2643 I
469 2582 529 2645 26:
565 2576 757 2663 ‘repostum'
790 2581 823 2644 et
856 2577 1008 2664 ‘porgite'
1042 2577 1081 2642 de
1096 2579 1153 2636 556

64 2665 173 2734 Ennio
196 2669 378 2733 transtulit.

131 2809 386 2876 6511511451.
409 2808 436 2874 I
456 2813 535 2876 741:
566 2807 694 2875 Ennius
727 2807 806 2872 dicit
834 2806 947 2872 Nilum
972 2805 1082 2872 ‘Melo-
1096 2810 1151 2865 551

64 2898 151 2964 nem'
176 2898 301 2984 uocari,
323 2897 496 2963 Atlantem
519 2919 597 2963 uero
622 2895 865 2962 ‘Telamonemt

132 3039 223 3108 Sero.
245 3042 290 3106 od
309 3041 390 3106 Aea.
412 3040 459 3105 ΙΙ
476 3043 560 3106 2741
584 3039 614 3104 ei
638 3038 732 3124 mihi,
754 3038 841 3104 Enni
865 3059 986 3103 uersus.
1096 3038 1153 3095 552

132 3182 222 3249 Seru.
244 3184 288 3248 ad
308 3181 386 3248 Aen.
409 3182 456 3247 ΙΙ
470 3183 548 3247 6511
570 3180 830 3266 praepositiones
853 3181 906 3259 uel
928 3178 1082 3244 adnerbia
1095 3180 1153 3236 555

67 3271 100 3336 in
123 3269 168 3337 ‘a’
192 3272 343 3338 exermtia
365 3270 462 3337 modo
485 3271 668 3356 producunt
686 3269 837 3335 ultimam
854 3269 1006 3352 litteram,
1031 3290 1082 3333 ex·

139 3504 192 3554 542
213 3499 303 3556 Vorro
316 3498 369 3554 Vll
386 3505 438 3555 104
456 3497 540 3554 Ennii
558 3514 575 3554 a
593 3464 1081 3565 5555151515555516515.5555665515.
