2498 3882
504 123 669 180 LAEVIVS.
1031 123 1097 190 289

78 311 142 373 pro
166 285 223 352 ‘te'
247 287 398 373 quodque
421 309 559 373 magno
583 287 726 371 impete
749 310 809 372 pro
834 287 995 374 ‘impetu'3
1018 289 1099 354 item

78 377 169 462 quod
201 377 417 442 forteseere
448 376 560 460 posuit
587 397 646 461 pro
674 375 806 441 ‘fortem
832 377 915 442 fieri'
949 378 1098 463 quodque

80 466 298 531 dolentiam
321 487 381 549 pro
405 463 541 530 ‘dolore'
565 469 598 529 et
622 487 739 530 auens
763 487 822 548 pro
847 465 990 552 ‘libens'3
1019 468 1099 531 item

80 554 187 620 euris
224 551 537 618 intolerantibus
573 575 633 639 pro
666 553 912 640 intolerandis,
949 555 1098 640 quodque

79 641 289 708 maneiolis
314 642 497 724 [manieolis
521 639 671 725 Sealrper]
699 642 805 728 inquit
827 644 987 708 tenellis
1012 646 1099 726 [tene

79 731 149 796 illis
172 733 269 812 codd]
302 753 362 817 pro
387 729 560 796 ‘manibus’
585 734 618 794 et
652 731 736 815 quis
769 735 847 797 tam
881 731 1017 797 silieeo
1040 754 1100 794 *a

81 821 245 901 [moenem
266 821 377 884 statuit
398 819 572 900 Dalatatol
610 819 691 884 item
717 818 810 884 fieri
833 820 940 905 inquit
965 821 1099 906 inpen-

81 909 145 973 dio
169 907 274 993 infit,
302 908 336 972 id
360 913 411 973 est
434 908 516 972 ‘fieri
539 908 671 992 inpense
694 907 836 993 incipit'3
865 909 1014 994 quodque
1042 930 1099 974 ae·

80 998 247 1082 eipitret
276 996 387 1081 posuit
413 1019 473 1081 pro
502 995 645 1061 ‘laceret’
755 999 861 1062 cetera
889 997 989 1081 enim,
1017 1019 1099 1082 quae

79 1085 278 1150 uidebantur
300 1085 437 1149 nimium
460 1085 597 1170 poetica,
621 1135 652 1150 ..
675 1085 968 1171 praetermisimus3
997 1086 1100 1150 ueluti

79 1174 146 1238 fuit
165 1173 252 1260 quod
276 1174 314 1239 de
331 1171 471 1238 Nestore
491 1173 538 1237 ait
556 1173 857 1238 trisaeelisenex
876 1179 910 1238 et
929 1174 1099 1240 duleior·

81 1263 216 1328 eloeus
239 1262 330 1346 iste,
354 1263 440 1346 quod
458 1261 497 1326 de
515 1261 649 1328 tumidis
667 1262 820 1327 fluetibus
839 1262 946 1347 inquit
968 1263 1099 1328 multi·

80 1354 232 1438 grumis
257 1350 478 1436 [mutigrumis
501 1351 597 1434 codd]
627 1355 660 1416 et
682 1351 817 1416 flumina
845 1351 921 1437 gelu
948 1355 1100 1417 concreta

78 1439 270 1526 tegimine
312 1441 371 1520 [sie
406 1459 505 1505 unas:
541 1439 686 1526 tegmine
717 1441 858 1524 plerique
893 1441 989 1523 codd]
1029 1462 1100 1506 esse

79 1528 277 1614 onychino
302 1528 391 1593 dixit.

502 1721 686 1772 censavnl.

190 1877 210 1906 υ
262 1847 654 1911 eu-ue-eu-uubi
678 1847 758 1913 echo

126 1895 360 2019 saepe-petris.

515 2111 667 2158 HELENA.

127 2217 250 2370 tusqul
268 2239 458 2303 permensus
482 2218 575 2304 ponti
598 2217 701 2284 maria
725 2216 794 2282 alta
816 2219 926 2283 cariae
958 2300 962 2314 1
1118 2225 1154 2280 11

127 2329 169 2372 ue
182 2329 236 2372 ruo
252 2330 280 2372 a.

559 2484 630 2533 ΙΝΟ.

130 2591 178 2672 [et
201 2589 268 2654 iam
290 2611 452 2676 purpureo
477 2612 570 2656 suras
593 2590 721 2656 include
745 2592 917 2675 cothurn0,
1118 2597 1170 2652 11⁸

12 2729 25 2769 p
127 2677 257 2744 balteus
281 2683 313 2744 et
336 2684 467 2746 reuocet
490 2680 639 2745 uolucres
663 2680 698 2744 in
720 2683 851 2765 peetore
875 2681 979 2764 sinus,

129 2789 307 2853 presseque
324 2767 392 2835 iam
411 2769 549 2853 grauida
567 2769 728 2853 crepitent
745 2769 807 2833 tibi
824 2773 919 2853 terga
937 2764 1102 2852 pharetras,

130 2856 242 2942 derige
266 2857 475 2941 odorisequos
500 2859 541 2923 ad
564 2861 654 2924 certa
677 2857 799 2923 cubilia
821 2860 941 2939 sanes]

159 3075 194 3124 10
212 3069 287 3125 Fest.
306 3073 359 3123 206
381 3071 464 3139 petre
482 3068 586 3124 Leuius
610 3067 639 3122 in
664 3067 805 3122 centauris
830 3070 834 3133 Ι
860 3082 914 3134 ege
940 3066 1011 3134 eod,
1035 3081 1103 3122 cerr.

83 3141 212 3212 Sealiper
234 3141 293 3209 (qui
316 3145 341 3194 et
364 3141 474 3209 saepta)
501 3143 511 3209 u
539 3145 570 3193 11
593 3139 685 3194 Maca.
704 3137 744 3192 Vl
763 3143 794 3207 t,
814 3143 854 3192 .10
881 3137 1003 3191 Laeuius
1024 3137 1105 3208 [th-

83 3213 208 3269 bertinsz
234 3211 331 3264 liuius
359 3211 449 3282 codd]
478 3211 508 3265 in
534 3209 644 3264 Helena
673 3209 678 3281 Ι
707 3209 804 3263 carina
836 3209 900 3264 add.
926 3209 1079 3264 Muellerus
1095 3208 1106 3283 ll

11 3292 23 3358 Ἰ
85 3288 137 3339 11⁸
159 3282 262 3336 Terent.
282 3281 378 3336 Maur.
397 3283 430 3337 de
447 3298 531 3337 aena
548 3283 640 3336 mimo
658 3295 741 3350 aperte
756 3285 825 3334 1931
844 3277 942 3334 Liuius
959 3278 1009 3334 ille
1023 3282 1105 3336 uetus

12 3365 13 3368 ’
83 3352 168 3426 graio
187 3353 355 3423 cognomine
373 3369 440 3409 snae
464 3351 565 3408 inserit
579 3351 662 3406 lnoni
681 3368 778 3406 nereus
799 3351 839 3422 [in
859 3350 936 3405 omni
955 3367 1038 3406 uersu
1055 3353 1105 3424 1]‚

83 3428 166 3497 puto,
185 3425 244 3478 tale
263 3423 406 3492 docimen3
426 3425 503 3480 Mar.
520 3424 589 3478 Vter.
604 3439 631 3492 p.
643 3425 678 3477 68
688 3422 725 3478 K.
745 3422 775 3476 in
788 3424 893 3493 hymno
908 3421 1016 3480 Dianae
1030 3424 1105 3492 apud

85 3495 210 3552 eundem
230 3495 307 3565 (nia
326 3497 465 3566 Andron.)
483 3496 526 3551 ita
543 3493 726 3552 inueniuntur
743 3494 774 3550 in
791 3493 889 3549 fabula
908 3493 1007 3563 Inone;
1025 3494 1107 3549 Liuii

141 3595 300 3635 Faenum
313 3604 448 3636 Pomm
461 3604 622 3637 EOUNOEUR.
859 3589 891 3638 19
