2470 3898
450 56 667 112 PRAEFATIO.
1045 60 1067 124 5

52 242 218 304 uocarem3
240 241 318 284 nam
337 219 484 285 sufficere
502 219 600 302 plane
618 218 659 283 ad
677 219 775 284 crisin
789 219 977 286 Nonianam
1000 226 1067 287 tres

51 310 125 374 illos
147 309 254 374 libros
277 308 382 373 multo
409 330 471 373 usu
494 307 601 373 didici.
645 308 680 372 in
708 308 781 373 aliis
810 329 937 394 quoque
967 309 1067 395 scrip-

51 398 179 463 toribus
205 396 326 462 uellem
354 396 534 462 adfuissent
566 396 722 462 editiones
749 397 896 482 pleniore
920 398 1066 464 codicum

52 486 173 552 notitia
193 486 333 570 innixae,
355 490 392 550 ut
413 486 450 551 in
468 485 572 550 Persii
595 485 728 551 scholiis
751 486 824 570 (nec
846 487 882 551 in
898 486 1065 553 Macrobio

52 573 305 660 Eyssenhardtii
333 596 433 659 opera
460 597 658 659 quamquam
686 574 868 640 laudabalis
896 581 953 641 aut
981 575 1067 641 Ianii

52 664 162 747 copias
185 667 243 729 aut
265 663 440 748 ampliores
467 663 718 748 perquisitiones
748 664 887 728 reddidit
909 662 1067 751 inutiles).

52 752 190 836 denique
219 750 422 837 quorundam
450 756 621 817 auctorum
649 751 806 817 editiones
837 775 918 838 quas
947 774 1065 820 uocare

52 843 282 906 consueuimus
309 841 441 906 criticas
469 841 574 906 adhuc
605 863 678 906 cunr
706 861 827 925 magno
855 841 972 907 horum
1000 845 1066 908 stu-

51 929 181 994 diorum
204 929 409 995 incommodo
432 929 618 1014 desiderari,
643 951 711 995 non
733 951 795 1015 ego
819 929 944 1014 primus
967 931 1066 996 dolui.

51 1018 83 1082 in
105 1019 241 1084 Donato
265 1017 462 1083 Terentiano
491 1040 530 1084 cx
552 1017 701 1083 Parisino
733 1022 766 1084 et
789 1017 966 1084 Oxoniensi
987 1041 1066 1084 non-

51 1108 142 1173 nulla
166 1106 390 1192 suppeditauit
412 1105 598 1172 ODaiatzko
623 1103 829 1192 (Leidensem
850 1105 945 1173 Voss.
968 1106 1005 1172 L.
1028 1107 1065 1183 Q.

52 1197 93 1260 24
106 1197 180 1280 ipse
198 1194 354 1280 inspexi),
376 1195 412 1260 in
428 1193 601 1262 Lactantio
625 1196 735 1280 copias
757 1195 993 1262 humanissime
1016 1195 1067 1260 de

52 1285 216 1370 prompsit
239 1282 439 1350 SBrandtius
463 1283 763 1370 Heidelbergensis,
786 1284 841 1368 qui
865 1283 959 1348 etde
983 1283 1067 1349 codi-

53 1395 124 1438 cum
142 1374 251 1458 pretio
270 1395 331 1438 nos
350 1373 491 1456 edocuit3
509 1395 569 1438 nec
583 1395 650 1438 non
663 1373 698 1437 in
716 1370 871 1437 Suetonio
887 1375 920 1438 et
934 1371 1065 1438 scholiis

52 1459 213 1528 Statianis
227 1467 454 1527 succurrerunt
464 1459 657 1528 GBcckerus
671 1459 853 1527 Bonnensis
868 1465 901 1527 ct
915 1460 1067 1528 PhKohl-

53 1573 192 1616 mannus
214 1550 400 1635 Emdensis,
421 1550 457 1615 in
479 1549 667 1636 Augustino
691 1547 977 1616 AGcldbacherus.

117 1639 158 1704 In
176 1661 212 1704 re
237 1639 494 1725 orthographica
511 1640 682 1705 uariorum⁴
699 1644 884 1724 temporum
905 1639 1067 1704 rationem

53 1727 171 1814 habui,
209 1729 266 1793 sed
296 1732 335 1793 ut
365 1727 401 1792 in
432 1728 598 1794 nonnullis
630 1729 728 1793 rebus
760 1728 886 1794 codices
916 1749 1068 1814 sequerer

53 1817 149 1883 duces
178 1821 211 1881 et
240 1838 287 1881 ex.
317 1837 365 1903 gr.
393 1817 428 1881 in
455 1815 578 1882 Lucilio
606 1817 703 1882 modo
728 1817 889 1902 aspiratas
911 1817 948 1882 ele
970 1817 1004 1882 a
1019 1817 1067 1900 pt

54 1928 209 1990 ponerem
231 1905 329 1971 modo
353 1905 531 1990 simplices:
556 1905 823 1992 aequabilitatem
847 1905 1009 1990 quandam
1032 1907 1067 1970 in

52 1995 103 2059 his
135 1996 235 2060 rebus
268 1994 421 2080 adpetere
459 1994 564 2075 nolui,
595 2016 636 2059 ne
668 1994 791 2078 priscas
823 1993 942 2079 ubique
974 2016 1067 2079 repo-

54 2084 158 2150 nendo
191 2084 316 2150 formas
348 2083 470 2148 nimius
503 2104 607 2148 essem
639 2082 675 2148 in
707 2081 871 2147 mutando.
921 2081 1067 2147 Nonium

57 2177 164 2238 autem
189 2172 275 2258 quod
301 2172 452 2238 nonnulli
477 2173 662 2257 nuperrime
685 2174 880 2237 censuerunt
902 2173 1068 2234 uetustam

56 2261 324 2350 orthographiam
358 2261 471 2326 sedulo
506 2282 666 2345 seruasse,
693 2260 906 2324 falsissimum
936 2259 1068 2324 omnino

56 2355 118 2436 est3
141 2373 206 2437 qua
229 2349 269 2415 dc
292 2372 327 2415 re
351 2349 447 2435 alibi,
469 2349 497 2414 si
521 2350 673 2416 offeretur
696 2349 836 2434 occasio,
858 2348 961 2432 plura.

118 2439 263 2506 Indicam
291 2439 437 2504 omnium
465 2439 647 2522 doctorum,
676 2439 732 2522 qui
760 2437 964 2524 singulorum
993 2459 1068 2523 poe-

57 2532 163 2594 tarum
195 2528 326 2594 laciniis
363 2526 574 2613 congerendis
610 2526 824 2592 inlustrandis
857 2526 1067 2591 emendandis

57 2621 128 2682 ante
159 2639 210 2682 me
244 2639 378 2702 operam
409 2617 591 2701 necabant,
624 2619 773 2682 accurate
800 2618 989 2680 contextum
1016 2614 1068 2678 hic

58 2707 210 2791 subicere,
233 2728 272 2772 eo
290 2705 397 2792 magis
421 2727 696 2789 superuacaneum
714 2725 890 2786 censemus,
914 2703 998 2789 quod
1022 2702 1069 2768 fa-

58 2795 114 2860 cile
144 2795 264 2880 quibus
292 2793 404 2859 lubido
433 2797 483 2858 est
510 2797 544 2858 et
572 2816 612 2859 ex
635 2796 795 2878 apparatu
817 2795 931 2858 nostro
955 2792 1067 2857 critico

59 2886 88 2946 et
115 2906 156 2949 ex
184 2883 259 2948 aliis
292 2883 444 2965 operibus
476 2882 563 2946 haud
591 2883 702 2966 paucis
733 2883 771 2945 de
803 2902 840 2944 ea
868 2902 903 2944 re
930 2885 1069 2965 possunt

59 2972 190 3038 edoceri.
235 2972 293 3037 sed
315 2994 356 3036 ne
375 2993 435 3035 sua
457 2971 533 3036 dote
556 2971 636 3037 haec
658 2969 819 3055 praefatio
843 2973 978 3054 careret,
1000 2969 1068 3054 pla-

59 3061 120 3127 cuit
144 3083 185 3127 ex
206 3061 334 3146 ingenti
356 3060 509 3144 materia,
537 3082 634 3144 quam
656 3061 858 3143 pertractata
878 3058 960 3124 haec
982 3057 1069 3144 frag-

60 3154 168 3218 menta
188 3150 286 3215 nobis
309 3152 550 3235 suggesserunt,
573 3149 693 3235 eligere
716 3147 982 3232 disceptationem
1007 3168 1071 3212 cer-

61 3239 107 3304 tae
130 3238 299 3306 cuiusdam
323 3238 536 3324 quaestionis,
565 3260 604 3304 ex
627 3259 690 3324 qua
712 3237 857 3302 rationes
880 3239 1010 3301 nostras
1033 3235 1069 3301 in

62 3328 179 3410 priseae
206 3327 386 3394 latinitatis
415 3326 634 3393 monumentis
661 3325 841 3392 tractandis
868 3325 966 3390 initas
989 3324 1069 3390 lieet

63 3436 262 3504 cognoscere.

484 3505 641 3514 —-—
678 3504 689 3512 -
