2470 3898
117 3167 120 3174 .
197 3118 372 3175 LMuellerue
398 3121 428 3175 et
456 3119 652 3175 Lachmannua
678 3121 796 3176 candem

190 107 212 170 4
586 101 806 158 Palnnnno.

195 268 313 354 quippe
337 289 419 353 quaa
441 265 536 331 facile
563 265 681 330 harum
707 287 815 329 rerum
839 263 977 329 studiosi
999 267 1109 349 petere
1137 285 1200 348 pos

195 358 261 422 sint
284 378 323 420 ex
346 354 497 420 Teuffelii
518 353 610 419 HLR
633 356 843 439 (quamquam
869 351 1036 417 nonnullis
1058 353 1200 418 testimo

192 445 257 510 niis
294 443 513 510 exscribendis
550 442 707 509 maiorem
738 441 856 508 abhinc
891 463 1002 506 curam
1035 441 1200 525 inpensur

193 534 235 598 iri
267 536 383 618 optare
415 533 512 616 licet;
543 553 621 596 usuc
659 553 731 596 sum
768 533 879 596 autem
911 529 1052 594 editione
1085 527 1201 616 tertia]

191 644 251 688 neo
287 623 326 686 in
366 624 535 687 auctorum
576 619 740 685 lemmatis
788 617 988 703 adponendis
1031 617 1201 703 quidquan

163 710 357 795 'antiquius
389 709 489 774 habui
522 731 620 792 quam
652 711 689 773 ut
713 708 946 773 abundantiam
969 728 1099 773 omnem
1127 708 1201 772 reci

193 800 310 863 derem.
355 818 415 862 nec
442 798 549 862 minus
580 796 746 881 superflua
777 797 881 861 uitare
909 795 1019 860 studui
1045 795 1080 860 in
1110 795 1202 860 adno

192 887 302 952 tandin
334 885 482 951 codicum
509 885 694 970 scripturis;
720 885 756 949 in
783 885 901 971 quibus
928 884 983 949 hic
1010 883 1080 950 illic
1110 886 1202 949 omis

194 997 277 1060 quae
313 974 434 1039 nullius
467 973 600 1039 omnino
637 977 746 1038 essent
777 973 892 1058 pretii,
923 973 958 1038 id
989 977 1065 1038 ante
1098 974 1202 1039 omni

193 1065 366 1130 effecturus
393 1067 431 1127 ut
459 1061 613 1146 quidnam
640 1063 676 1126 in
705 1062 910 1147 singulorum
933 1062 1074 1127 fontium
1098 1062 1203 1126 arche

191 1153 281 1238 typis
310 1151 489 1236 antiquitus
515 1149 616 1216 fuerit
646 1149 805 1215 traditum
838 1153 1010 1236 appareat,
1043 1149 1099 1215 sed
1132 1167 1203 1234 neg

191 1243 304 1327 legens
335 1239 424 1305 haud
450 1261 526 1305 raro
552 1242 655 1305 testes
694 1239 901 1304 secundarios
938 1239 1100 1323 mediique
1138 1241 1203 1304 ae‘u

194 1330 397 1414 corruptelas
427 1327 629 1394 manifestas.
674 1327 850 1412 eodemque
879 1328 1007 1393 delectu
1033 1349 1111 1392 usus
1139 1349 1204 1394 sun

194 1421 230 1484 in
257 1416 538 1483 conmemorandis
566 1417 735 1482 doctorum
764 1416 975 1499 coniecturis,
1006 1421 1044 1481 ut
1070 1416 1204 1482 remotil

194 1506 317 1572 scilicet
334 1505 447 1589 prauis
465 1504 621 1589 falsisque
640 1504 858 1571 adscriberem
878 1527 1099 1590 quaecumque
1121 1528 1204 1570 men

194 1596 284 1661 tione
317 1597 426 1659 essent
457 1593 591 1678 dignam
621 1597 655 1658 et
682 1595 755 1680 lege
787 1593 908 1660 dudum
936 1594 1062 1660 sancita
1087 1595 1205 1680 ubique

195 1706 308 1751 eorum
336 1682 392 1767 qui
418 1683 517 1767 primi
544 1683 667 1768 publici
693 1683 773 1748 iuris
800 1684 948 1750 fecerunt
973 1683 1107 1748 nomina
1141 1684 1205 1750 sola

193 1769 339 1859 posui*).
384 1770 427 1837 ad
455 1772 545 1857 ipsos
575 1775 684 1838 autem
713 1770 821 1838 fontes
849 1772 935 1857 quod
961 1766 1097 1856 attinet,
1130 1791 1205 1838 usus

194 1884 283 1945 sum,
305 1865 343 1926 ut
366 1860 422 1945 qui
443 1861 628 1946 fragmenta
650 1860 820 1947 conligunt
843 1861 1006 1946 eduntque
1030 1865 1063 1927 et
1085 1861 1206 1936 faoiuul

194 1955 228 2016 et
250 1949 358 2016 facere
385 1971 462 2015 sane
491 1949 622 2031 debent,
650 1949 752 2034 copiis
775 1951 817 2015 ab
841 1951 966 2036 optimo
991 1972 1118 2035 quoque
1145 1949 1206 2015 edi

193 2043 266 2105 tore
289 2040 468 2125 congestim
498 2042 658 2125 gratoque
681 2038 792 2104 animo
814 2037 949 2104 Henrici
971 2038 1071 2104 Keilii
1094 2037 1206 2105 Gram-

194 2128 325 2195 maticis
351 2127 494 2212 Latinis,
520 2125 654 2192 Martini
676 2126 804 2192 Hertzii
830 2127 998 2194 PrIsciano
1027 2127 1206 2213 Gellioqna

194 2218 344 2284 'Philonis
369 2216 492 2294 Seruio,
514 2215 694 2281 multorum
717 2216 1121 2282 aliorumuecensionibus
1147 2216 1206 2282 uti·

194 2305 330 2371 lissimis
353 2327 405 2369 me
433 2304 549 2369 debere
577 2309 770 2391 apponatum
792 2306 942 2371 criticum
965 2305 1131 2390 profiteor.
1180 2307 1206 2369 et

195 2395 323 2459 utinam
349 2393 385 2458 in
412 2393 563 2459 omnibus
592 2394 806 2480 scriptoribus
833 2394 960 2480 latinis,
989 2415 1129 2480 quorum
1161 2395 1205 2459 est

195 2482 304 2567 aliqua
332 2482 368 2546 in
393 2481 445 2547 his
472 2482 570 2548 rebus
594 2483 734 2565 utilitas,
759 2483 846 2549 idem
869 2484 982 2549 liceret
1004 2481 1206 2568 praedicaret

198 2574 232 2636 et
249 2571 283 2635 in
297 2569 407 2636 Nonio
422 2571 553 2657 quidem
567 2569 733 2638 Gerlachii
747 2576 781 2638 et
794 2571 994 2648 Quicheratii
1008 2572 1204 2639 editionibus

194 2662 242 2726 ita
266 2682 337 2725 sum
366 2681 458 2745 usus,
484 2665 522 2726 ut
550 2660 669 2726 codicis
697 2662 823 2748 egregii
848 2661 1020 2728 Harleiani
1048 2663 1205 2729 conlatio·

193 2771 269 2815 nam
288 2749 329 2814 ab
349 2747 505 2814 Onionsio
525 2749 644 2815 editam
667 2753 700 2814 et
723 2772 762 2815 ea
785 2773 867 2836 quae
890 2773 931 2816 cx
949 2749 1204 2837 Guelferbytano

194 2841 228 2902 et
250 2837 399 2903 Leidensi
426 2839 534 2923 priore
557 2838 615 2903 alii
641 2839 849 2924 protulerunt
876 2840 1031 2926 religiose
1053 2841 1090 2905 in
1112 2857 1204 2906 usum

264 3049 290 3120 *)
315 3066 333 3103 a
361 3065 418 3118 qua
444 3065 544 3103 norma
571 3049 602 3103 in
624 3047 732 3104 Lucilio
755 3049 798 3104 Ita
819 3049 936 3132 recessi,
964 3051 1009 3119 ut,
1036 3051 1203 3130 ubicumque

196 3207 272 3259 nem,
286 3191 369 3247 huius
382 3207 517 3260 ponerem
530 3207 640 3273 nomen.
653 3203 736 3273 ‘nam
749 3121 932 3275 llIuellbrpidiil,1
933 3123 1204 3264 sdbilpibletbtbltdr

198 3261 299 3334 [praef.
317 3281 345 3332 p.
364 3260 495 3334 XXVIII]
519 3277 549 3317 ac
571 3261 726 3318 ndentidem
750 3264 906 3334 impensae
923 3263 1097 3320 Lachmanni
1115 3279 1202 3322 exam·

195 3333 261 3404 plar
278 3331 471 3404 Lucillannm,
494 3333 539 3388 tot
556 3331 731 3390 Lachmanni
749 3335 959 3392 emendationes
977 3336 1124 3405 tamqnam
1142 3347 1202 3391 suas

226 3403 348 3460 oculisne
361 3403 528 3460 miraremur
542 3407 781 3476 stupercmuequc,
798 3407 854 3462 nisi
866 3407 948 3463 illum
966 3405 1059 3462 aliena
1076 3423 1130 3478 pro
1149 3404 1202 3462 suis

260 3475 343 3533 'ltere
362 3475 432 3531 satie
450 3478 598 3534 constaret
