2494 3888
365 147 494 204 LABEO.
532 147 681 204 catalus
700 148 844 206 BASSUS.
1041 149 1107 215 363

137 307 213 375 dari
232 311 354 375 bonum
378 311 464 394 quod
486 311 607 397 pctuit,
631 309 755 377 auferri
774 315 892 397 potest
1124 317 1142 372 2

138 473 227 518 mors
249 473 317 517 non
338 474 403 516 una
426 451 529 536 uenit,
553 452 609 518 ced
632 474 715 539 quae
737 454 825 538 rapit
846 453 967 520 ultima
989 476 1078 520 mors
1123 459 1142 516 8

325 559 327 562 ·
679 544 739 608 eet.

138 682 238 748 elisus
262 679 380 748 Siculis
403 682 442 746 de
464 681 611 748 fontibus
635 681 745 748 exsilit
768 683 882 748 amnis.
1122 689 1142 744 4

160 823 275 891 seneca
292 829 357 889 nat.
374 828 501 906 quaesit.
518 823 587 888 ΙΙΙ
601 829 655 907 26,
672 827 709 890 5:
732 824 863 909 quidam
886 825 992 890 fontes
1016 828 1104 890 certo
1122 831 1141 884 5

89 917 241 996 tempore
263 915 480 998 purgamenta
503 912 658 996 eiectant,
681 916 717 977 ut
739 912 906 978 Arethusa
932 913 967 977 in
995 911 1107 980 Sicilia

91 1001 209 1084 quinta
232 1023 359 1086 quaque
383 1004 509 1066 aestate
531 1023 590 1086 per
613 999 775 1086 Olympia
816 1001 890 1066 inde
918 1003 1028 1086 opinio
1056 1006 1106 1067 eet

89 1088 248 1174 Alpheon
270 1110 308 1154 ex
332 1088 458 1155 Achaia
481 1111 518 1154 eo
543 1110 644 1173 usque
666 1093 839 1174 penetrare
867 1093 900 1154 et
924 1111 1021 1175 agere
1045 1091 1105 1156 sub

89 1199 183 1242 mare
215 1199 345 1243 cursum
380 1199 446 1243 nac·
472 1181 549 1242 ente
581 1199 679 1263 quam
711 1178 746 1242 in
778 1176 980 1262 Syracusano
1009 1179 1106 1244 litore

90 1287 272 1352 emergere3
304 1265 441 1352 ideoque
473 1267 502 1331 is
535 1266 661 1350 diebus,
694 1265 810 1352 quibus
839 1266 994 1352 Olympia
1022 1273 1106 1348 sunt,

88 1354 299 1420 uictimarum
323 1359 448 1420 stercus
472 1354 612 1420 secundo
626 1354 784 1419 traditum
798 1355 930 1419 flumine
948 1355 1016 1420 illic
1035 1354 1105 1421 red·

89 1442 224 1508 undare.
264 1443 327 1508 hoc
359 1447 392 1508 et
419 1466 440 1508 a
470 1447 504 1508 te
535 1442 693 1508 traditum
730 1447 780 1508 est
817 1447 854 1509 ut
886 1443 920 1508 in
947 1449 1106 1528 poemate,

90 1530 200 1597 Lucili
222 1532 397 1598 carissime.

311 1759 532 1826 LABEONIS
556 1771 727 1826 Homerus
748 1770 886 1828 latluua

138 1867 272 1934 crudum
295 1868 468 1935 manduces
492 1867 660 1933 Priamum
681 1867 868 1953 Priamique
890 1869 1046 1953 pisinncs.

504 2095 696 2164 INOERTI.

49 2187 55 2196 ⁵
135 2208 338 2290 praetextam
359 2205 394 2269 in
417 2204 499 2271 cista
522 2226 630 2270 mures
653 2226 763 2270 rosere
785 2205 917 2271 camilli.

283 2434 412 2502 CAESI
433 2431 558 2500 BASSI
579 2443 765 2513 lyricorum
787 2453 854 2502 ma.
877 2453 913 2500 11.

136 2541 284 2629 Calliope
307 2544 456 2626 princeps
480 2541 621 2628 sapienti
643 2540 799 2626 psallerat
821 2563 885 2608 ore.
1121 2557 1160 2614 1-
1216 2547 1220 2564 ¹

89 2737 147 2791 tius
164 2735 278 2790 memini
291 2738 332 2806 la
350 2735 418 2791 icta
435 2733 508 2789 illud
527 2733 614 2789 etiam
631 2749 705 2788 nunc
723 2733 825 2788 melica
839 2733 947 2789 dictum
966 2735 1030 2789 ate
1048 2750 1105 2789 non

88 2805 251 2879 praeteribo
263 2808 303 2875 l⁸
321 2805 384 2862 Sea.
403 2806 480 2875 optat.
498 2810 543 2873 24,
561 2809 596 2858 21
615 2803 711 2859 dixisti
723 2805 766 2873 14
784 2803 846 2860 aen.
860 2810 918 2860 nat.
932 2821 977 2874 qu.
992 2803 1032 2858 III
1047 2810 1071 2872 1,
1087 2811 1101 2858 1

89 2881 123 2933 ut
141 2878 217 2947 apud
235 2880 273 2945 te,
290 2876 402 2932 iuuenis
421 2875 574 2943 caricmme,
592 2873 715 2930 inuenio.

163 2952 279 3002 cerac.
308 2947 431 3016 (Teura.
445 2951 461 3013 c
475 2951 536 3016 ace,
551 2948 588 3015 c).
601 2947 682 3001 cerui.
708 2944 785 3000 Pers.
797 2952 821 3012 1,
831 2943 1106 3000 cremonensium

5 3069 7 3074 .
90 3019 183 3076 Iliada
196 3021 226 3074 et
235 3018 400 3089 Odysseam,
413 3017 532 3072 uerbum
545 3035 580 3072 ex
593 3015 691 3083 uerbo,
704 3015 822 3071 ridicule
836 3016 914 3083 ralia,
929 3016 1005 3085 quod
1017 3016 1106 3071 uerba

90 3090 290 3162 potiusquam
309 3107 422 3145 rancum
439 3092 551 3145 secutur
570 3087 615 3144 cit.
634 3088 694 3142 eiua
713 3088 757 3142 eat
774 3087 823 3142 ille
842 3103 953 3155 uersum
972 3089 1007 3154 cs.
1021 3087 1102 3142 Hom.

91 3163 132 3218 Il.
150 3161 343 3304 Itvlogi'oaiat
356 3229 444 3288 VIII
441 3272 451 3299 ,
461 3235 531 3314 3,.19
540 3227 652 3285 risimus
664 3271 670 3284 .
680 3272 685 3284 .
695 3245 785 3299 nuper
793 3228 976 3313 poetam4qci
986 3227 1104 3286 dixerat.

163 3307 253 3387 cm.
267 3307 356 3357 ms.
370 3302 526 3386 (Olchmuc
540 3302 578 3356 cd
588 3301 664 3383 Pera
675 3306 726 3354 211
737 3303 812 3385 cqc).
837 3307 861 3384 1·
870 3300 959 3382 Prccc.
975 3301 987 3354 I
1002 3306 1055 3356 52⁷
1065 3301 1106 3386 Η.1

92 3370 863 3514 afflmfffccunwmgtlgffiomagg
876 3387 1106 3514 reiecit

91 3450 193 3591 iyricii
206 3489 245 3574 ari
262 3463 376 3586 fiiriicrit
395 3515 581 3587 (umericia)
599 3532 639 3570 aa
656 3531 690 3571 ec
703 3515 849 3585 prioratus
865 3516 1019 3586 sumpserit.
