2470 3898
162 125 204 190 28
331 113 337 126 ’
558 122 775 178 PRAEFATIO.

165 287 323 372 quadrare
360 288 392 351 in
424 288 628 371 praetextam
660 288 783 351 certum
817 283 918 372 est*).
964 290 1036 351 erat
1069 291 1179 354 autem

168 375 278 460 Scipio
308 395 437 441 carmen
464 375 683 458 polymetrum
710 372 883 460 (habemus
911 374 1011 440 etiam
1037 379 1181 441 nuncin

166 464 358 550 fragmentis
387 463 545 546 senarios,
577 485 691 528 uersus
721 463 913 547 quadratos,
942 461 1180 549 hexametros),

165 553 199 618 id
223 553 309 638 quod
336 553 434 638 plane
463 552 633 617 confirmat
664 549 811 616 Suetonii
835 549 879 638 (p.
904 552 947 616 20
971 549 1081 639 Reifi.)
1106 554 1180 618 defi·

164 642 324 708 nitionem
342 642 443 706 banca
462 642 537 706 olim
555 661 687 722 carmen,
710 641 792 722 quod
807 661 845 706 ec
866 641 969 706 uariis
985 643 1181 723 pocuctcbus

165 730 330 810 constabat,
352 735 463 796 sutura
484 730 668 806 uocabulum
697 729 787 811 quale
808 731 999 811 suqrsaaut
1020 729 1181 796 Pacuuius

164 825 194 884 et
209 820 357 904 Bauium
378 818 412 882 in
431 817 548 902 quibus
568 817 779 904 neglegentes
798 817 878 882 illud
901 817 1054 883 ‘carmen'
1080 815 1180 905 (quod

166 908 362 973 uocabulum
389 929 455 972 non
478 906 586 971 innuit
613 906 792 972 carminum
819 907 987 972 uariorum
1014 905 1179 974 collectio-

165 995 255 1150 tt?
279 996 671 1149 mlltlftlttltti
684 995 1181 1150 Pfiiiiieilfslimdpllelbi

164 1107 379 1258 comariapin
398 1195 461 1258 qua
480 1177 556 1238 sunt
574 1172 732 1238 nonnulla
750 1173 837 1238 haud
855 1173 942 1238 leuia
961 1173 1068 1239 adhuc
1090 1178 1180 1240 tene·

165 1262 233 1328 bris
257 1263 387 1346 obruta,
415 1263 498 1327 alias
520 1261 662 1327 fortasse
686 1282 832 1348 agemus,
856 1283 942 1328 nunc
965 1263 1069 1328 adicio
1093 1263 1180 1346 quod

165 1352 206 1416 ad
229 1373 297 1417 rem
319 1351 471 1436 pertinet,
494 1372 607 1416 uersus
631 1350 788 1435 quosdam
808 1373 827 1415 a
846 1349 1007 1416 Trebellio
1031 1351 1181 1420 Pollione

166 1443 314 1505 seruatos
345 1439 446 1526 (Enni
472 1438 512 1504 fr.
542 1437 624 1523 476)
652 1439 798 1504 omnium
830 1438 987 1505 facillime
1020 1441 1181 1506 saturnio-

165 1551 238 1595 rum
261 1527 403 1613 speciem
425 1528 566 1593 induere.
613 1531 645 1592 ct
667 1528 702 1591 in
724 1528 788 1592 fine
806 1529 969 1612 ceminio,
992 1528 1050 1593 ubi
1073 1529 1182 1613 ipsum

166 1616 350 1701 Scipionem
374 1618 424 1681 est
448 1616 628 1700 adlocutus,
649 1615 793 1682 Ennium
817 1617 1004 1682 adhibuisse
1026 1640 1181 1698 numeros

166 1727 235 1790 eos,
266 1705 383 1790 quibus
406 1708 458 1770 tot
481 1704 570 1771 illius
594 1705 733 1770 maiores
757 1705 913 1770 celebrati
936 1708 1030 1771 erant
1052 1709 1124 1772 tam
1148 1707 1182 1771 in

166 1793 282 1880 elogiis
316 1815 414 1878 qnam
445 1793 479 1857 in
507 1793 581 1859 aliis
609 1794 818 1878 carminibus,
850 1794 931 1859 mihi
960 1794 1091 1879 quidem
1120 1817 1181 1862 nec

165 1882 354 1948 incredibile
386 1882 455 1947 ullo
487 1883 584 1948 modo
616 1904 721 1966 neque
751 1904 828 1948 uero
861 1883 1007 1968 ineptum
1038 1883 1181 1970 uidetur,

165 1972 265 2037 immo
284 1971 453 2036 meliorem
472 1973 695 2056 aptioremque
713 1970 809 2036 buius
830 1975 960 2037 saturae
979 1972 1103 2037 exitum
1127 1973 1181 2037 nix

167 2082 299 2144 possum
314 2060 396 2125 mihi
410 2061 518 2127 animo
533 2061 665 2146 fingere.
711 2058 800 2124 ultro
820 2063 929 2126 autem
948 2065 1087 2144 apparet
1104 2061 1180 2144 ianr,

165 2171 231 2216 non
254 2149 334 2215 alibi
358 2172 456 2235 quam
475 2151 510 2214 in
528 2149 591 2213 hoo
613 2149 677 2213 fine
701 2149 809 2214 locum
831 2149 985 2215 habuisse
1009 2149 1093 2215 illud
1115 2151 1180 2216 Sci·

164 2240 217 2320 pic
239 2241 364 2322 inuam,
392 2237 478 2323 quod
506 2235 618 2302 Cicero
650 2235 711 2324 (or.
733 2237 791 2321 45,
816 2237 893 2321 152)
922 2239 962 2303 ob
986 2237 1116 2304 hiatum
1140 2240 1178 2304 ab

166 2326 274 2392 Ennio
299 2326 476 2391 admissum
501 2325 630 2390 attulit:
660 2327 722 2392 hoc
745 2327 855 2392 hiatus
879 2347 995 2412 genus,
1023 2327 1115 2392 cui-us
1140 2328 1179 2391 si·

168 2415 246 2480 mile
272 2415 327 2480 uix
356 2413 531 2499 quidquam
558 2414 593 2478 in
620 2413 708 2480 illius
737 2415 930 2500 fragmentis
952 2415 1114 2499 inuenies,
1142 2437 1180 2481 ex

169 2525 266 2568 uersu
294 2501 446 2568 Saturnio
474 2503 672 2569 nanciscitur
698 2504 828 2589 plenam
852 2526 1028 2589 ueramque
1052 2525 1181 2570 excusa·

166 2592 299 2659 tionem.

344 2677 408 2745 Sor.
433 2653 621 2768 ¹(ironingae
644 2679 846 2745 Batauorum
870 2703 911 2746 m.
935 2664 1012 2748 Deci

491 2792 519 2834 a.
541 2767 851 2835 MDcchXXXV.

240 2947 265 3012 *)
285 2943 325 2999 sio
344 2943 430 2999 etiarn
454 2945 576 3000 statuere
595 2943 839 3000 CMFranckenum
858 2942 955 3012 (Lucil.
975 2945 1001 2999 Il
1020 2963 1047 3016 p.
1068 2946 1113 3015 95)
1133 2960 1176 3000 eo·

168 3016 231 3071 dem
250 3032 331 3070 usum
351 3019 524 3085 argumento,
542 3020 642 3087 postea
660 3033 716 3070 non
734 3015 793 3069 sine
812 3015 916 3085 gaudio
935 3016 1016 3084 uidi„
