2470 3898
168 141 212 206 22
568 135 785 192 eararnrro.

168 327 254 373 nuno
273 302 490 386 inueniuntur,
514 302 555 366 ad
573 303 677 366 nouae
696 321 832 385 poeseos
855 299 959 382 initia,
984 321 1069 383 quac
1093 302 1182 364 erant
1226 339 1227 364 1

168 401 316 480 tempore
351 390 501 474 Sullano,
532 411 592 456 nos
625 389 794 474 relegant3
821 392 855 453 et
882 387 995 453 Laeuii
1028 392 1063 453 et
1095 387 1182 453 Furii
1226 413 1227 452 l

170 480 314 550 Antiatis
345 481 514 565 aequalem
545 479 705 544 iuniorem
733 480 824 543 decet
852 477 1000 561 quaesita
1030 499 1183 543 uersuum

169 571 328 639 doctrina.
372 569 483 634 hausit
505 571 620 633 autem
647 567 817 650 falsarius,
850 566 935 652 quod
964 565 1005 631 ad
1028 588 1082 631 res
1115 567 1184 631 1111-

168 665 234 746 net,
259 682 296 725 ex
320 658 487 723 annalium
516 657 744 742 scriptoribus,
772 655 830 721 ubi
858 655 934 739 quid
963 655 1111 721 carmina
1135 677 1184 741 ge·

168 753 270 817 nuina
288 747 526 814 continuissent
546 747 581 810 in
598 746 786 812 uniuersum
801 746 872 809 erat
886 745 1087 829 expositum,
1110 749 1185 828 post

170 863 198 906 1.
218 840 259 904 76
283 858 369 903 noua
389 835 521 900 oracula
539 832 698 919 Sibyllina
721 855 878 899 unacum
897 832 1074 898 Marcianis
1099 833 1184 898 edita

170 949 241 994 esse
270 947 349 990 sane
376 923 549 1009 probabile
577 927 636 988 cst.
681 921 841 988 Horatius
868 926 953 988 certe
983 921 1072 1006 quod
1102 943 1184 988 com·

170 1013 365 1082 memorauit
393 1032 514 1078 canosa
540 1012 703 1078 uolumina
730 1017 853 1091 uatum,
882 1011 949 1076 sale
974 1014 1007 1076 et
1030 1011 1183 1076 inrisione

170 1128 237 1171 non
265 1123 373 1168 carere
401 1103 495 1184 puto:
523 1100 689 1185 perspexit
718 1101 951 1166 subtilissimus
981 1100 1039 1164 ille
1062 1101 1184 1165 littera-

170 1216 244 1260 rum
271 1191 494 1256 Romanarum
523 1189 739 1274 existimator,
770 1212 854 1255 anno
882 1190 949 1255 213
979 1189 1184 1254 hexametros

170 1282 315 1350 nondum
337 1279 443 1346 factos
468 1301 546 1345 esse.
571 1315 612 1326 -
636 1279 764 1344 uixerat
793 1282 904 1344 autem
927 1277 1069 1344 Marcius
1093 1281 1184 1343 uates

169 1374 267 1456 longe
301 1373 376 1435 ante
406 1392 433 1435 a.
462 1369 527 1433 213
557 1367 640 1453 (Liu.
671 1367 764 1432 XXV
795 1368 837 1433 12
870 1367 1004 1433 illustris
1032 1366 1186 1453 fuerat).

169 1462 232 1525 hoc
259 1458 390 1523 unicum
419 1457 457 1522 de
486 1479 523 1521 eo
551 1462 640 1522 certo
669 1459 808 1522 constat.
852 1479 930 1520 nam
961 1457 1093 1523 oracula
1116 1461 1184 1521 tum

170 1547 335 1631 adscripta
362 1567 441 1609 num
470 1545 537 1609 eius
566 1545 701 1630 fuerint,
731 1545 891 1611 incertum
924 1549 1041 1630 suapte
1068 1550 1184 1610 natura

170 1640 235 1721 111,
264 1655 461 1719 quamquam
493 1632 555 1698 hoe
582 1634 754 1718 probabile
788 1637 852 1720 est,
886 1635 996 1699 omnia
1030 1635 1069 1700 de
1096 1635 1182 1699 illius

170 1723 427 1791 diuinationibus
453 1745 472 1786 a
490 1723 725 1806 posterioribus
751 1720 803 1811 (ut
822 1746 841 1788 1
860 1720 1031 1810 Cicerone)
1054 1727 1184 1791 narrata

171 1813 276 1881 redire
309 1810 350 1876 ad
382 1811 537 1876 uaticinia
566 1833 593 1876 1.
621 1813 687 1876 213
716 1812 914 1878 circumlata.
965 1833 1048 1896 quae
1076 1816 1183 1878 tamen

171 1901 256 1990 quod
284 1900 408 1966 Marcio
435 1901 604 1985 potuerint
634 1900 791 1986 adscribi,
823 1905 946 1966 certam
973 1923 1106 1967 necesse
1137 1904 1183 1966 est

169 1990 322 2058 habuerit
349 2011 492 2074 causam3
525 1993 699 2074 uatesque
724 1989 793 2054 sine
816 1990 914 2055 dubio
939 1993 1009 2055 erat
1031 1989 1181 2073 Marcius,

171 2080 227 2147 sed
249 2101 316 2145 non
338 2082 406 2144 tam
429 2078 500 2143 1111
524 2100 641 2142 canens
661 2101 759 2164 quam
783 2083 957 2164 praecepta
979 2100 1183 2164 componens.

170 2191 234 2256 qua
258 2169 296 2234 de
319 2191 354 2233 re
379 2189 461 2252 quae
484 2166 628 2231 Isidorus
651 2167 755 2233 tradit
779 2166 842 2254 (VI
866 2169 895 2252 8,
921 2164 992 2254 12),
1015 2190 1054 2233 eo
1079 2168 1182 2233 minus

170 2259 311 2324 obnoxia
346 2259 423 2321 sunt
461 2254 660 2322 dubitationi
693 2278 757 2340 quo
789 2257 895 2342 magis
927 2257 1182 2322 conroborentur

169 2345 362 2431 fragmentis
387 2367 406 2409 a
429 2342 527 2409 resto
552 2345 701 2411 seruatis.
731 2345 783 2410 uir
805 2345 926 2410 nobilis
950 2350 1020 2410 erat
1043 2345 1182 2411 Marcius

171 2434 252 2520 (Cic.
275 2435 314 2498 de
338 2432 401 2496 diu.
424 2431 521 2515 140,
545 2433 601 2516 89,
632 2435 688 2518 qui
716 2435 826 2499 nescio
855 2456 918 2519 quo
947 2435 1017 2499 iure
1041 2436 1080 2500 dc
1104 2435 1182 2501 Mar·

170 2524 229 2589 ciis
257 2521 415 2587 iratribus
442 2519 616 2608 loquitur),
644 2527 681 2588 ut
709 2523 841 2589 omnino
870 2527 942 2588 tum
971 2523 1101 2589 nobiles
1125 2523 1182 2589 soli

170 2612 375 2696 aliquatenus
404 2614 498 2674 erant
524 2610 644 2676 litteris
673 2612 805 2696 imbuti3
835 2611 868 2676 id
891 2612 977 2697 quod
1001 2614 1182 2698 exemplum

169 2700 270 2786 Appii
299 2697 427 2764 Claudii
455 2697 550 2764 anoi
580 2701 764 2783 confirmat,
793 2700 883 2766 cuius
907 2702 1045 2766 carmini
1067 2700 1184 2786 Pytha·

171 2811 270 2876 goreo
294 2788 374 2853 mire
398 2788 550 2853 conuenit
569 2811 641 2856 cum
660 2788 775 2856 Marcii
797 2789 993 2875 praeceptis;
1017 2791 1183 2876 utriusque

169 2899 287 2963 poema
311 2876 466 2941 saturniis
490 2877 647 2961 scriptum
677 2900 747 2943 esse
771 2882 1024 2943 consentaneum
1048 2885 1108 2945 est.
1155 2885 1183 2944 et

169 2967 199 3032 si
222 2965 406 3050 quaerimus
430 2987 493 3051 quo
517 2966 649 3032 tandem
672 2972 769 3052 pacto
792 2967 857 3032 illis
881 2967 1095 3053 temporibus,
1120 2971 1183 3054 qui·

169 3057 230 3120 bus
259 3077 279 3120 1
311 3053 410 3119 Musis
440 3055 546 3120 auersi
574 3061 668 3121 erant
696 3055 827 3121 omnino
855 3056 1008 3140 Romani,
1037 3057 1102 3121 uiri
1131 3058 1183 3123 ali·

168 3148 249 3228 quot
276 3143 404 3209 nobiles
436 3143 542 3210 studio
566 3166 701 3228 poeseos
725 3145 943 3228 incubuerint,
971 3145 1006 3208 in
1030 3152 1182 3232 promptu

170 3236 221 3296 est
244 3232 422 3316 responsio.
467 3234 610 3298 nondum
629 3234 784 3298 nimirum
803 3233 928 3299 Romae
953 3233 1109 3300 extiterat
1133 3236 1183 3321 qui

168 3321 253 3386 unde
272 3323 364 3407 pueri
382 3322 621 3386 instruerentur
643 3322 785 3386 dedisset
808 3321 861 3406 (ut
883 3326 1000 3407 postea
1023 3321 1104 3388 fecit
1122 3327 1182 3390 An·

169 3407 343 3498 dronious),
367 3411 424 3476 sed
439 3411 519 3496 ipsis
534 3411 684 3495 patribus
703 3411 902 3475 familiarum
926 3410 1061 3475 docendi
1085 3420 1183 3480 mate-

166 3501 217 3564 ria
241 3498 441 3587 anquirenda
455 3502 532 3563 erat.
580 3500 635 3583 qui
651 3499 720 3562 sine
736 3498 835 3563 dubio
851 3498 937 3584 grati
956 3504 1049 3564 erant
1073 3505 1182 3587 paucis
