2498 3882
168 120 234 184 324
445 115 639 173 CANTORES
657 114 913 173 EUPHORIONIS.
977 188 980 196 .
1054 173 1056 180 ,

133 289 147 342 7
235 277 356 346 olims.
383 256 447 346 134
478 280 536 345 K.:
568 279 672 345 Iulius
686 248 689 252 Ι
704 279 856 366 Hyginus
888 282 933 346 in·
955 279 1078 348 Cinnae
1108 306 1175 368 prc-

165 371 344 457 pemptic0:
376 369 428 436 ‘ab
452 368 551 435 Aetio
574 370 900 455 nauigantes'stadia
923 371 1099 456 (circiter)
1121 371 1176 437 LX

167 460 303 526 ueniunt
327 459 367 523 ad
390 458 555 524 Isthmum
573 456 851 525 Leucadiensinm.
887 458 935 525 ibi
958 460 1067 525 solent
1089 461 1176 526 iteris

167 549 333 613 minuendi
351 569 450 613 causa
468 547 621 633 remulco,
640 569 737 632 quem
756 545 871 633 graece
887 545 1046 615 πάκτωνα
1061 550 1177 634 dicunt,
1236 537 1247 580 ¹

166 659 284 702 nauem
308 634 497 702 treduccrc’.

549 787 611 844 111.
644 788 800 856 zmyrna.

131 926 149 981 8
210 901 247 968 te
270 903 453 968 matutinus
476 903 609 968 flentem
633 889 803 987 conspexit
826 903 916 968 Eous

213 998 246 1057 et
269 993 402 1056 flentem
425 991 524 1076 paulo
547 992 631 1068 uidit
654 995 730 1075 post
753 991 919 1076 Hesperus
943 993 1038 1056 idem.

130 1156 149 1211 9
213 1139 248 1199 at
272 1135 376 1200 scelus
400 1135 524 1199 incesto
549 1133 707 1198 Zmurnae
731 1135 898 1200 crescebat
920 1135 955 1199 in
978 1134 1063 1198 alus.

113 1281 151 1337 1⁰
211 1279 298 1346 tabis

493 1409 571 1466 1111.
605 1407 856 1480 epigrammata.

116 1547 152 1601 11
213 1530 294 1594 haec
317 1527 381 1591 tibi
404 1524 536 1590 Arateis
560 1525 702 1590 multum
724 1525 863 1610 uigilata
885 1525 1025 1591 lucernis

258 1615 412 1699 carmina,
435 1615 508 1698 quis
532 1615 625 1699 ignes
648 1614 799 1679 nouimus
822 1613 994 1692 aetherios,

212 1706 295 1771 leuis
319 1705 354 1768 in
377 1703 503 1768 aridulo
526 1703 654 1768 maluae
677 1703 840 1786 descripta
863 1702 975 1767 libello

257 1793 413 1858 Prusiaca
435 1792 510 1856 nexi
533 1813 668 1855 munera
689 1791 848 1856 nanicula.
1226 1821 1247 1968 1

115 1950 152 2004 12
215 1987 232 1996 -
250 1967 296 1994 υυ
313 1986 331 1994 -
350 1935 486 1998 miseras
510 1933 607 1998 audet
631 1933 760 2019 galeare
783 1933 917 2018 puellas.

1245 1957 1247 1994 1

114 2092 151 2147 13
211 2128 229 2136 -
246 2108 292 2135 cc
309 2126 327 2136 .
344 2106 390 2134 υυ
407 2125 425 2134 -
442 2105 488 2133 υυ
504 2124 523 2134 -
545 2073 729 2159 Alpinaque
753 2075 899 2140 cummis.
1246 2161 1247 2164 Ἴ

1246 2175 1247 2208 t

115 2233 152 2288 14
214 2218 343 2283 saecula
365 2221 555 2301 permaneat
577 2216 684 2281 nostri
707 2215 873 2300 Dictynna
896 2215 1040 2282 Catonis.
1243 2247 1247 2376 A

241 2400 257 2446 8
277 2393 355 2448 Serra
370 2391 408 2446 ad
424 2391 520 2461 Geory.
539 2393 553 2444 1
571 2395 623 2444 288
642 2389 725 2458 Eous,
740 2389 770 2444 id
785 2389 960 2459 sanccita,
974 2389 1010 2444 de
1024 2407 1081 2460 quc
1098 2391 1196 2447 Cinna

169 2465 199 2518 in
220 2464 338 2530 Smyrna
357 2461 397 2516 sic
416 2459 458 2516 ait
476 2464 516 2531 11⁹
535 2461 623 2532 Prisc.
642 2459 655 2514 I
673 2467 726 2517 268
745 2479 783 2532 sq.
802 2461 841 2516 H.
861 2463 904 2530 (dc
922 2461 1003 2517 aluus
1021 2465 1198 2536 musenim)

169 2534 259 2590 Cinna
285 2533 315 2587 in
343 2531 474 2602 Smyrna3
501 2533 535 2588 de
557 2533 648 2588 ecdem
669 2549 700 2588 rc
724 2531 805 2588 Utar.
830 2537 865 2586 80
887 2549 925 2603 sq.
943 2532 982 2587 K.
1011 2536 1041 2588 et
1067 2533 1200 2590 Heluius
1246 2551 1247 2560 ¹

170 2605 260 2663 Cinna
275 2608 280 2673 Ι
295 2603 402 2660 incesto
422 2604 520 2659 cinnae
539 2605 614 2660 codd.
635 2603 726 2661 Prisc.
744 2603 884 2658 incestum
904 2605 981 2674 turpi
1000 2601 1083 2662 ocur.
1106 2606 1202 2678 Ciny·

169 2693 218 2733 rae
238 2678 323 2748 culco
346 2677 424 2746 apud
441 2676 530 2730 Prisc.
550 2674 684 2744 Smyrnae
702 2675 885 2732 Brcrmacnue
907 2676 917 2746 ΙΙ
940 2681 975 2730 1⁰
995 2675 1078 2732 aar.
1101 2684 1142 2733 93
1159 2679 1201 2732 K.

170 2749 261 2807 Cinna
279 2751 374 2804 autem
397 2747 427 2802 in
445 2747 566 2815 Zmyrna
583 2745 666 2800 huius
684 2746 759 2800 tabis
778 2745 850 2800 dixit
871 2745 950 2801 nullo
968 2749 1085 2804 auctore
1108 2749 1201 2818 (idem
1246 2749 1247 2842 i

169 2824 231 2889 145)
251 2823 261 2891 ΙΙ
280 2826 313 2874 11
333 2820 405 2876 leid.
425 2817 464 2872 VI
484 2823 517 2872 12
537 2820 567 2872 at
585 2833 651 2871 nero
669 2817 803 2874 historiae
822 2817 928 2875 maiore
946 2817 1062 2874 modulo
1082 2819 1202 2876 scribe·

166 2893 270 2947 bantur
289 2932 318 2948 ..
338 2890 424 2944 etiam
444 2889 648 2945 ..mainerum
666 2887 743 2944 foliis
762 2929 768 2942 .
785 2931 790 2944 .
810 2889 888 2944 cuiue
907 2890 1017 2960 generis
1036 2887 1136 2946 Cinna
1156 2891 1200 2946 sic
1237 2933 1240 2945 .

167 2961 297 3018 meminit
322 2964 326 3030 Ι
353 2958 475 3016 latetis
495 2961 540 3014 ael
563 2959 665 3014 areteis
684 2961 760 3016 codd.
786 2962 791 3029 Ι
815 2959 937 3030 uigilata
950 2959 1128 3030 Stephanus:
1155 2962 1199 3016 in-

166 3034 289 3105 uigilata
307 3033 383 3088 codd.
402 3032 471 3099 fere3
495 3048 534 3086 aa
556 3046 592 3085 en
609 3029 760 3101 uigilata?
781 3031 785 3098 Ι
807 3038 822 3086 2
842 3030 983 3086 aetherios
1003 3031 1200 3088 Wactertur:

116 3161 119 3166 ,
168 3105 260 3160 aerios
278 3104 397 3174 (aereos)
416 3103 492 3158 codd.
509 3105 513 3169 Ι
530 3107 546 3155 3
566 3101 702 3172 discripta
718 3103 796 3158 codd.
810 3103 938 3173 eliquati
953 3108 986 3156 12
1000 3101 1077 3158 Ncm.
1094 3109 1199 3172 8122

168 3175 290 3242 galeare.
324 3174 414 3230 Cinna
436 3171 466 3227 in
489 3171 700 3243 epigrammatis
725 3177 730 3240 1
750 3178 815 3243 post
837 3173 947 3243 puellas
970 3177 996 3225 Η
1012 3179 1084 3228 nal
1112 3175 1200 3232 addit
1246 3211 1247 3230 1

169 3243 282 3310 galeare
310 3245 451 3314 operiret!
475 3250 507 3299 1³
530 3243 744 3312 Non.202,19
773 3245 924 3302 cummi..
943 3243 1074 3300 feminini
1103 3245 1200 3302 Cinna
1246 3245 1247 3260 ¹

169 3341 203 3350 —
218 3315 250 3364 nt
268 3313 305 3366 sit
319 3315 466 3381 genetinns
481 3315 551 3368 eius:
570 3315 653 3369 huius
667 3313 794 3382 cummis,
805 3319 842 3386 unt
854 3315 958 3386 puppis
971 3315 1059 3370 febris
1074 3316 1181 3387 peluis
1193 3315 1196 3382 i

170 3380 275 3458 cnmmi
292 3383 379 3459 codd„
396 3399 466 3438 corr.
480 3384 642 3452 Leopardus
655 3388 665 3456 i
681 3391 714 3440 14
732 3385 842 3442 Sueten.
857 3387 890 3442 de
903 3403 1017 3458 mamm.
1033 3392 1068 3441 11
1092 3385 1200 3444 memi-

140 3463 141 3467 ’
169 3448 213 3499 nit
228 3485 233 3498 .
250 3490 255 3501 .
271 3447 375 3502 Drance
396 3449 531 3521 (Catones)
551 3453 640 3509 Cinna
655 3459 659 3524 Ι
675 3473 727 3525 per
744 3458 860 3512 maneat
879 3457 1080 3514 Mammenses.
