2494 3888
150 148 218 212 404
330 148 506 204 ORPHEUS.
543 149 779 204 TARENTINUS
799 149 990 207 SENARIUS.

196 332 331 395 spumea
353 309 436 374 lauit
459 310 563 374 almus

197 421 254 464 ora
277 398 362 463 iubis
386 400 517 483 aquosis

195 486 355 572 Pegasus,
377 487 412 551 in
433 487 593 552 nitentem

195 575 423 661 peruolaturus
447 575 604 640 aethram.

197 983 245 1047 sic
268 982 366 1046 effata
389 980 487 1045 simul
510 985 636 1046 uestem
660 981 822 1046 contraxit
845 982 886 1046 ab
909 982 976 1046 imo

197 1069 379 1154 obiecitque
403 1069 505 1134 oculis
528 1069 686 1134 formatas
709 1069 897 1155 inguinibus
919 1091 986 1154 res;

197 1181 277 1244 quas
301 1180 381 1222 caua
404 1158 584 1223 succutiens
607 1155 729 1223 Bacchi
751 1180 868 1223 manus
904 1181 981 1222 nam
1003 1157 1151 1243 puerilis.

197 1247 272 1313 ollis
295 1247 406 1311 uultus
429 1247 514 1330 erat)
537 1246 677 1331 plaudit,
700 1250 882 1312 contrectat
905 1245 1015 1311 amice.

196 1340 267 1401 tum
290 1335 350 1398 dea
373 1335 515 1418 defigens
539 1335 671 1419 augusti
693 1335 825 1400 luminis
849 1335 944 1399 orbes
1141 1349 1155 1399 t

196 1423 352 1488 tristitias
376 1423 477 1487 animi
499 1424 635 1508 paulum
658 1423 787 1488 mollita
809 1423 952 1509 reponit,

197 1512 271 1578 inde
295 1533 393 1576 manu
415 1512 546 1595 poclum
570 1513 670 1576 sumit
692 1513 824 1596 risuque
848 1510 997 1596 sequenti

196 1600 345 1685 perducit
367 1603 475 1665 totum
497 1601 648 1684 cyceonis
670 1601 758 1665 laeta
780 1600 948 1685 liquorem.

1230 443 1231 496 l

295 838 461 904 ORPHEI
483 863 606 905 uersus
628 849 664 905 tn
685 849 833 906 latim
856 849 1023 906 conuersi

1230 1045 1231 1110 l

424 1863 708 1931 TARENTINUS
731 1874 892 1931 senarius.

197 2012 310 2073 taurus
335 2006 507 2073 draconem
531 2006 646 2092 ginuit
669 2009 702 2071 et
723 2009 855 2072 taurum
880 2006 986 2073 draco.

153 2218 219 2272 nide
238 2217 314 2273 Post.
334 2218 380 2272 lat.
399 2217 465 2271 min.
484 2213 650 2284 111p.1ee;
674 2221 700 2270 et
717 2217 836 2272 eiusdem
852 2217 959 2285 pennis
973 2220 1071 2284 ponae
1092 2215 1165 2272 Tibe·

154 2289 232 2356 riani
248 2288 404 2357 frapmenta
427 2287 527 2342 ibidem
543 2303 571 2356 p.
587 2291 652 2354 269;
666 2291 796 2369 ¹aeternna
820 2287 867 2370 tic
893 2287 926 2341 in
947 2287 1002 2354 fine
1025 2287 1107 2342 liceat
1127 2303 1168 2342 re·

149 2363 573 2485 mantuana
586 2362 1170 2511 ttffltt'ttmattt'tawtttt
1228 2393 1231 2414 ‘

154 2501 341 2570 psammaticis
358 2502 535 2566 uidebantur,
557 2499 674 2567 fortasse
690 2500 735 2554 tic
757 2501 817 2554 iilic
833 2501 957 2569 pennino
978 2515 1078 2554 nense:
1102 2501 1170 2556 adeo

154 2570 269 2637 difficile
286 2576 325 2625 est
342 2571 374 2626 in
391 2573 443 2626 bac
459 2587 489 2626 re
507 2571 607 2640 abnue
625 2570 697 2625 bono
715 2588 734 2626 a
746 2570 849 2640 manis
866 2571 1025 2625 inimare.
1051 2570 1169 2642 deniqne

155 2641 235 2696 anni
260 2642 372 2696 omnino
399 2642 493 2698 Seruii
523 2642 556 2696 in
583 2641 672 2696 libello
698 2642 732 2697 de
759 2641 783 2697 0
807 2643 900 2698 metris
928 2639 989 2712 (Gr.
1008 2639 1042 2695 L.
1062 2641 1102 2695 K.
1121 2641 1171 2712 IV)

154 2713 277 2782 cannia
294 2716 386 2782 utpote
404 2719 474 2770 certo
491 2714 557 2781 ficta
575 2713 691 2778 adferre.
724 2719 727 2723 '

227 2787 361 2840 omn.
381 2785 524 2840 Arnobins
542 2784 567 2838 V
586 2789 619 2837 26
638 2781 714 2852 ipsos
732 2799 853 2850 namque
871 2781 901 2836 in
920 2782 1013 2838 medio
1030 2799 1171 2852 ponemus

156 2870 267 2922 uersae;
291 2870 362 2922 quos
388 2853 532 2924 Calliopae
555 2852 630 2907 filius
654 2868 701 2908 ore
724 2853 814 2908 edidit
835 2869 937 2923 gruem
961 2854 1172 2910 attentandos
1230 2850 1231 2898 l

155 2943 206 2994 per
229 2927 343 2981 saecula
366 2925 422 2980 iuri
444 2924 604 3008 publicauit
624 2924 760 2991 humanm
788 2926 822 2992 ef.
844 2923 963 2980 aaran
981 2923 1062 2980 Alea.
1079 2931 1171 2994 pron.

156 3001 182 3064 2,
201 3000 289 3066 2111
309 2997 405 3068 simul]
430 3014 492 3052 smu
509 2995 664 3050 Lambinus
678 2997 684 3064 1
700 3001 716 3049 2
734 2994 857 3050 formata
879 2993 1061 3065 sanguinibus
1084 2997 1143 3052 aad.
1165 2997 1170 3070 Ι
1229 3009 1231 3060 t

157 3073 173 3124 2
188 3068 290 3123 Bacchi
307 3083 408 3122 manus
421 3067 549 3124 Asaratns
565 3072 590 3121 et
603 3064 794 3121 RFoersterns
812 3067 879 3122 iibri
896 3067 929 3122 de
942 3072 1026 3136 raptu
1039 3071 1065 3120 et
1077 3067 1173 3123 reditu

158 3139 342 3209 Persephones
354 3155 385 3208 p.
400 3144 466 3193 284:
489 3138 581 3192 baubo
604 3153 690 3191 manu
712 3138 769 3192 cod.
791 3139 814 3206 (s
832 3139 917 3206 finale
934 3137 983 3192 boe
1000 3143 1119 3206 uespere
1137 3155 1174 3194 aa
1230 3105 1231 3188 l

157 3209 310 3266 imitatione
326 3211 480 3279 priscorum
499 3208 642 3276 abiectam)
656 3207 769 3262 Baubus
787 3224 886 3263 manns
900 3207 1036 3264 Heinsius
1046 3207 1051 3280 Ι
1063 3213 1175 3265 amicae
1226 3247 1231 3270 t

157 3279 215 3332 aad.
232 3283 269 3346 16
292 3280 399 3334 tristius
417 3282 475 3335 cod.
495 3295 565 3334 corr.
582 3282 586 3346 Ι
603 3284 618 3332 7
637 3279 769 3346 poculum
788 3281 845 3334 eod.
862 3281 867 3348 Ι
882 3278 1025 3347 risuqusm
1043 3280 1102 3334 eod.

228 3353 369 3403 umus.
388 3350 531 3405 Armbins
546 3349 572 3403 V
586 3353 620 3402 21
639 3351 699 3402 tum
717 3347 799 3404 illum
817 3350 967 3405 citabimus
986 3349 1176 3408 Tarentinum

158 3418 311 3484 notumque
330 3418 478 3487 sensnum,
506 3437 589 3488 quem
617 3418 771 3487 antiquitas
795 3420 872 3476 canit
894 3419 1002 3487 dicens3
1030 3421 1109 3493 oripo
1128 3424 1176 3480 ob-

158 3501 242 3539 scnra
259 3487 302 3554 (de
321 3487 478 3544 Rtintbone
495 3491 597 3558 sopitat
615 3489 875 3560 Reifferscheidins).
