2494 3888
347 143 388 198 IN
406 139 593 197 CAESARES
612 140 798 198 ROMANOS.
1020 141 1085 208 379

117 325 255 388 sperans
279 303 358 390 quin
381 303 496 385 etiam,
520 303 638 368 clarius
662 325 731 369 esse
755 304 851 369 deum

62 410 82 458 o
116 414 217 478 quem
241 393 270 458 si
293 394 338 458 sit
358 392 511 479 princeps
532 391 676 458 nominis
699 393 836 480 egregii:

115 503 185 546 non
207 481 270 546 erit
292 481 354 547 iste
377 481 455 548 deus
477 503 538 547 nec
559 485 672 547 tumen
693 482 779 547 ullus
802 481 909 547 homo.

116 676 262 761 optimus
286 680 337 741 est
358 675 495 760 Fuscus,
518 677 623 741 bonus
645 675 740 760 Afer,
762 677 923 760 pessimus
947 676 1061 744 Albus.
1102 686 1121 741 2

115 869 271 935 fundetur
293 871 425 955 sanguis
448 870 526 936 Albi
549 869 709 956 Nigrique
733 871 922 936 animantis:
1101 881 1121 936 8

93 957 289 1044 imperium
313 959 426 1024 mundi
448 959 559 1024 Poene
581 963 673 1045 reget
695 961 776 1025 urbe
799 960 974 1044 profectus.

161 1153 214 1218 cui
237 1153 383 1219 dederint
407 1154 531 1239 superi,
552 1176 671 1220 nomen
693 1155 814 1220 hebere
837 1154 897 1220 Pii.
1103 1163 1123 1244 ᾗ

116 1346 180 1411 ‘bis
204 1347 296 1412 denis
318 1347 438 1414 Italum
464 1349 652 1415 conscendit
673 1349 812 1416 nauibus
837 1349 981 1435 aequor':
1103 1356 1121 1414 ὅ

162 1435 190 1500 si
211 1439 323 1502 temen
346 1460 410 1502 una
432 1438 513 1504 retis
537 1439 701 1504 transiliet
723 1439 871 1525 pelagus.

114 1629 235 1696 Terror
257 1630 435 1717 Egyptiaci
457 1631 561 1720 Niger
584 1637 673 1699 estet
695 1633 811 1699 militis
834 1633 964 1718 ingens,
1101 1640 1122 1697 d

164 1719 348 1786 Thebaidos
372 1721 493 1805 socius,
516 1744 615 1786 aurea
638 1724 744 1788 seecle
766 1723 890 1788 uolens.

114 1807 202 1872 hunc
225 1830 329 1896 reges,
349 1808 436 1875 hunc
459 1814 574 1897 gentes
598 1814 719 1894 amant,
741 1810 827 1876 hunc
850 1833 948 1877 aurea
969 1810 1085 1896 Rome,

159 1897 214 1962 hic
237 1896 414 1963 Antoninis
438 1920 532 1965 cerus
554 1901 590 1964 irc
612 1899 758 1984 imperio.

64 2001 82 2050 5
114 1983 255 2071 Nigrum
279 2008 398 2052 nomen
419 1986 532 2072 hebet,
554 1988 687 2073 nigrum
710 1986 923 2053 formauimus
946 1988 1023 2074 ipsi,

160 2077 197 2139 ut
220 2075 418 2141 consentiret
440 2077 562 2161 formu,
586 2077 732 2160 metelle,
756 2075 827 2142 tibi.

141 2377 210 2427 s-li
230 2372 374 2444 Spartiou.
398 2391 426 2429 u.
452 2374 598 2430 Pescennii
621 2379 637 2428 8
665 2371 798 2443 Delphici
825 2372 967 2444 Apollinis
995 2376 1085 2445 uetes,

68 2487 75 2500 .
93 2485 100 2500 .
115 2460 180 2498 cum
197 2444 375 2500 nuntiaretur
392 2445 450 2500 tres
469 2462 529 2500 esse
548 2446 741 2516 imperotores,
761 2443 893 2500 Seuerum
909 2445 1085 2518 Septimium,

68 2514 254 2570 Pescennium
277 2515 411 2586 Nigrum,
435 2515 565 2571 Clodium
589 2513 738 2583 Albinum,
762 2515 906 2572 consultus
930 2534 1013 2586 quem
1039 2532 1086 2572 ex·

68 2585 180 2656 pediret
205 2587 274 2656 reip.
302 2587 454 2657 imperare,
482 2604 594 2642 uersum
622 2603 755 2658 graecum
782 2585 945 2644 huiusmodi
979 2587 1085 2644 didisse

69 2655 174 2711 dicitur
193 2687 227 2697 -
246 2659 292 2727 (=
307 2660 336 2727 θ)
351 2699 357 2711 .
374 2659 559 2728 ‚requisitum
580 2661 624 2714 eet
642 2659 690 2728 qui
709 2658 785 2713 esset
802 2661 968 2729 optenturue
982 2677 1084 2728 remp.;

71 2727 107 2782 ad
132 2727 209 2796 quod
233 2726 282 2784 ille
309 2729 456 2799 respondit
481 2747 593 2784 nereum
619 2731 708 2785 talem
728 2761 761 2770 -
780 2730 826 2799 (=
845 2732 887 2800 8);
915 2731 993 2798 item,
1021 2746 1086 2784 cum

71 2798 230 2868 quaesitum
253 2801 308 2867 est,
332 2799 395 2869 quis
412 2799 457 2857 illi
475 2816 654 2856 successurus
673 2801 760 2868 esset,
784 2801 961 2870 respondisse
985 2799 1085 2855 itidem

71 2883 173 2951 graeco
195 2886 279 2926 uersu
301 2869 406 2926 dicitur
425 2903 457 2912 -
482 2876 529 2944 (=
547 2876 575 2941 4)
595 2887 707 2927 ..cum
730 2873 924 2940 quaereretur,
950 2869 1086 2940 quamdiu

71 2942 257 3010 imperaturus
282 2944 370 3010 esset,
398 2942 576 3012 respondisse
603 2957 706 3014 graece
734 2941 822 2996 fertur
844 2943 891 3012 (=
914 2945 954 3010 t),
982 2942 1086 2998 iuteo

72 3011 168 3066 ultimo
186 3028 247 3067 cum
265 3029 293 3067 u.
309 3018 324 3067 1
342 3014 380 3070 eit
398 3013 515 3084 Verrius·
528 3013 608 3084 (Aee.
622 3013 636 3066 I
650 3016 723 3083 381),
741 3018 866 3083 apparet,
884 3013 985 3082 ubsque
998 3012 1086 3083 Spar-

16 3087 18 3089 ’
73 3083 182 3167 circuere
198 3099 295 3168 cereres
307 3100 364 3154 pro
380 3087 487 3169 proces
504 3087 673 3153 uenditasse,
696 3100 758 3167 curre
775 3084 882 3168 fuerint
904 3088 966 3168 tune
980 3082 1086 3168 Romae

73 3157 181 3280 mc
205 3160 231 3279 l
258 3156 467 3296 while?
473 3161 515 3282 ’12¹
534 3153 737 3282 diffidi
746 3155 1085 3296 generaliter

74 3295 148 3365 quod
182 3295 259 3350 etine
281 3297 355 3352 hunc
377 3298 465 3354 hebet
490 3297 658 3354 senteutiam
687 3297 692 3370 l
723 3303 737 3352 1
762 3297 876 3367 aegypt.
901 3298 991 3364 codd,
1014 3313 1085 3353 corr.

74 3367 253 3422 Gcccutonue
276 3368 282 3436 1
307 3375 323 3423 3
341 3370 410 3425 uene
427 3371 548 3426 corticem
565 3385 647 3438 reges
665 3373 695 3423 et
712 3371 810 3423 emunt
826 3369 934 3438 gentes,
953 3369 1002 3424 loc
1020 3373 1086 3424 cred

74 3439 374 3567 porrigeroedgurtarum
392 3446 529 3498 auderem
544 3443 549 3508 Ι
565 3446 583 3494 4
596 3441 626 3495 in
640 3441 740 3497 addidi
754 3441 795 3509 (et
808 3439 904 3510 eudqo)
919 3440 923 3508 1
940 3445 956 3494 5
975 3441 1084 3510 nigrum

87 3525 185 3566 omne
242 3551 248 3565 .
