2470 3898
471 137 687 196 easnrrmo
1013 199 1016 203 ,
1042 141 1084 205 13

80 300 250 364 recentium
274 299 362 364 haud
384 321 505 385 paucae
529 298 647 386 (ueluti
669 299 770 365 Ennii
791 302 909 386 fragm.
933 303 975 367 99
1000 304 1084 368 male

78 384 199 453 Naeuio
221 389 380 454 dederunt
402 389 584 456 saturnium
605 389 830 474 restituentes)
854 394 888 455 et
854 412 1041 457 euersum
1065 414 1085 456 a

77 474 177 543 Mario
203 477 375 556 Victorino
404 478 550 542 adlatum
581 498 651 543 com
682 480 781 544 coar
812 479 929 545 Lemm
958 481 1085 547 classem

76 563 222 632 Doricam
239 567 410 650 oppresses
425 567 582 632 ficticium
601 589 671 632 esse
695 571 784 633 certo
808 573 953 652 apparet.
1000 573 1083 634 eete-

75 673 143 719 rum
170 660 208 720 ut
233 656 298 721 hoc
326 655 434 720 obiter
461 655 593 739 addam,
619 676 723 740 neque
751 657 890 722 scaenici
920 658 982 722 etsi
1006 680 1082 760 suae

75 745 186 809 aetatis
216 744 442 810 consuetudini
465 745 613 810 cedentes
638 766 749 810 omnes
773 747 906 810 omnino
929 747 1084 812 uocesin

73 852 102 894 m
126 833 241 898 finient
226 837 277 898 tes
311 833 530 935 synaloephen
562 833 632 917 pati
663 835 838 900 uoluerunt
873 832 953 920 (qua
980 835 1019 900 de
1048 857 1082 899 re

72 920 160 1006 alibi)
182 943 290 1006 neque
312 943 391 986 uero
413 921 442 985 is
466 921 522 1006 qui
544 922 578 985 in
601 921 662 987 hac
685 944 721 987 re
744 923 965 988 scaenicorum
987 945 1082 988 usum

74 1010 239 1095 amplexus
265 1013 317 1076 est
333 1009 470 1094 Ennius,
493 1010 571 1112 qui·
571 1010 673 1076 habet
689 1033 794 1096 pauca
817 1012 961 1080 elisionis
985 1013 1082 1077 omis-

73 1119 125 1163 sae
148 1099 311 1184 exemplo3
334 1102 369 1164 et
390 1099 487 1164 huius
506 1097 611 1164 socius
636 1101 719 1164 est
709 1121 780 1184 ipse
803 1100 908 1167 adhuc
930 1101 1082 1167 Lucilius.

71 1207 169 1272 neque
193 1188 291 1274 longe
320 1187 503 1272 quaerenda
531 1192 581 1253 est
603 1188 699 1254 huius
722 1189 759 1253 in
780 1210 813 1254 m
835 1190 985 1254 elidenda
1009 1191 1082 1256 abs-

71 1275 223 1342 tinentiae
263 1276 396 1342 uatibus
432 1275 565 1341 Fauniis
605 1277 747 1362 placitae
789 1278 973 1362 explicatio.
1027 1300 1083 1344 cur

70 1368 183 1447 postea
201 1387 329 1451 quoque
347 1366 383 1430 in
400 1387 497 1431 uersu
520 1388 569 1430 ex.
593 1385 640 1450 gr.
662 1365 796 1432 aarum
820 1362 901 1453 (est)
865 1366 981 1432 stsed
1003 1368 1082 1433 mul·

72 1450 161 1542 dura)
180 1455 244 1538 ille,
267 1477 324 1520 cur
342 1475 434 1520 seruo
452 1451 527 1541 (ebt
542 1475 580 1520 eo
596 1455 691 1538 facto,
713 1454 771 1519 sed
793 1453 901 1541 seralo
901 1452 915 1542 )
879 1476 976 1522 oco
995 1456 1082 1538 facto

69 1543 345 1626 pronuntiabant?
364 1542 516 1628 primitus
533 1543 689 1608 nimirum
707 1545 969 1611 uocabulorum
960 1567 995 1608 m
1017 1545 1081 1610 fine

70 1632 290 1698 mutilationes
315 1632 511 1717 prohibebat
535 1632 736 1717 syllabarum
754 1632 903 1698 finalium
922 1635 1082 1720 grauitas3

70 1742 156 1806 quae,
180 1721 238 1786 ubi
256 1721 399 1805 primum
416 1721 498 1786 illud
516 1726 561 1787 est
578 1718 637 1808 (es)
655 1742 717 1786 usu
735 1725 805 1786 tam
828 1722 984 1788 detritum
1007 1745 1082 1788 eon-

70 1811 175 1876 sueuit
204 1831 279 1876 cum
305 1831 384 1876 uoce
414 1810 618 1875 antecedenti
647 1810 840 1890 coalescere,
869 1811 949 1876 adeo
977 1810 1082 1877 adhuc

68 1899 260 1983 praeualuit,
272 1903 310 1964 ut
322 1899 432 1982 potius
447 1900 482 1963 in
495 1904 539 1964 ost
547 1896 606 1987 (es)
617 1920 675 1984 per
690 1920 858 1984 apocopen
871 1920 887 1964 e
900 1899 1083 1966 abiceretur

70 1985 123 2072 (cf.
141 1992 177 2054 et
195 2009 243 2052 ex.
263 2008 311 2074 gr.
329 1989 487 2053 comitium
505 2010 525 2052 a
543 1989 663 2070 comere,
681 2009 741 2072 pro
762 2009 824 2073 quo
843 1992 959 2073 postea
972 1987 1082 2074 coire);

70 2078 152 2160 quod
176 2098 238 2142 usu
262 2077 362 2142 semel
391 2080 557 2162 receptum
580 2097 709 2160 semper
731 2079 896 2141 retentum
920 2081 979 2142 est.
1025 2077 1082 2142 sed

71 2165 205 2231 mutatis
229 2165 392 2249 paulatim
413 2165 615 2252 temporibus
640 2187 713 2230 eum
738 2164 887 2245 syllabae
909 2165 1024 2230 finales
1047 2167 1082 2231 in

71 2253 137 2319 dies
165 2255 272 2340 magis
305 2255 523 2338 eleuarentur,
556 2253 796 2320 detruncationi
822 2253 889 2319 iam
915 2274 984 2318 non
1010 2257 1081 2319 tam

72 2343 181 2408 firmae
213 2343 322 2410 obices
355 2347 448 2408 erant
480 2347 634 2410 structae.
681 2365 779 2428 quam
806 2343 968 2409 rationem
998 2365 1081 2428 quae

72 2437 141 2497 tum
163 2432 292 2498 saeculo
311 2455 340 2497 a.
359 2431 433 2498 Ohr.
455 2455 487 2497 n.
510 2432 609 2499 tertio
633 2432 841 2498 excolebatur
863 2432 973 2516 poesis
997 2455 1082 2499 scae·

71 2521 153 2606 nica,
174 2525 288 2606 utpote
306 2521 394 2588 uitae
413 2520 611 2588 cottidianae
633 2543 731 2588 usum
752 2521 872 2607 ubique
895 2522 1082 2606 respiciens,

70 2632 139 2676 non
172 2610 281 2695 potuit
312 2632 379 2677 non
409 2611 516 2677 facere
549 2632 651 2676 suem.
696 2609 753 2675 sed
783 2614 855 2676 tum
887 2631 1014 2696 quoque
1042 2611 1082 2694 ei,

72 2700 129 2784 qui
164 2699 262 2765 simul
294 2701 458 2766 saturnios
491 2699 656 2765 confecere
688 2695 816 2786 (Liuius
850 2702 883 2765 et
910 2695 1082 2786 Naeuius),

73 2810 139 2854 non
159 2809 319 2854 recessere
342 2811 361 2854 a
385 2789 614 2854 consuetudine
637 2788 673 2853 in
694 2788 758 2854 hoc
780 2810 877 2868 uersu
900 2787 1080 2873 antiquitus

74 2876 206 2942 sancita.
258 2899 325 2943 non
360 2881 496 2964 potuere
529 2877 659 2964 quidem
688 2880 782 2942 uates
818 2875 936 2943 Fannii
972 2899 1081 2944 carere

75 2965 234 3031 uocalium
266 2966 414 3051 elisione,
443 2966 560 3052 quippe
594 2989 732 3052 quarum
763 2987 938 3032 concursus
970 2965 1081 3052 ingra-

75 3159 167 3214 uectos
185 3173 259 3227 esse,
277 3156 343 3212 inde
361 3160 437 3227 quod
456 3157 569 3214 Seruius
587 3158 663 3214 Liuii
680 3175 794 3214 uersum
811 3159 949 3227 praebens
968 3158 1083 3214 exhibet

74 3231 177 3286 mem
202 3228 338 3284 uidemus.
378 3229 450 3285 talia
471 3230 536 3312 'sine
564 3227 686 3285 dubio
677 3247 708 3284 m
733 3229 955 3298 commentariis,
983 3231 1081 3300 quales

76 3301 156 3356 erant
172 3297 292 3355 Cornelii
311 3299 747 3371 etVer'(Varr0V1139),
771 3301 966 3383 proponebant
989 3317 1081 3370 gram·

75 3369 176 3428 manet
211 3373 241 3428 et
267 3371 414 3428 omnead'
448 3371 581 3440 eultotm,
610 3388 683 3442 quae
710 3371 898 3454 posteriorum
922 3373 1080 3441 temporum

78 3443 165 3499 doctis
181 3441 297 3498 obortae
315 3444 429 3500 suntin
446 3445 501 3498 hoe
519 3413 624 3510 met’ro,
649 3459 684 3499 ex
701 3441 743 3497 rei
761 3441 945 3513 prosodiacee
964 3442 1081 3497 diuersi-

75 3517 134 3570 tate
151 3512 345 3584 profluxerunt.
