<?xml version="1.0" encoding="UTF-8"?>
<!DOCTYPE html PUBLIC "-//W3C//DTD XHTML 1.0 Transitional//EN"
    "http://www.w3.org/TR/xhtml1/DTD/xhtml1-transitional.dtd">
<html xmlns="http://www.w3.org/1999/xhtml" xml:lang="en" lang="en">
 <head>
  <title>
</title>
<meta http-equiv="Content-Type" content="text/html;charset=utf-8" />
  <meta name='ocr-system' content='tesseract 3.04.00' />
  <meta name='ocr-capabilities' content='ocr_page ocr_carea ocr_par ocr_line ocrx_word'/>
</head>
<body>
  <div class='ocr_page' id='page_1' title='image "./fragmentapoetar00baehgoog_0128.png"; bbox 0 0 2484 3886; ppageno 0'>
   <div class='ocr_carea' id='block_1_1' title="bbox 453 129 1076 204">
    <p class='ocr_par' dir='ltr' id='par_1_1' title="bbox 453 129 1076 204">
     <span class='ocr_line' id='line_1_1' title="bbox 453 129 1076 204; baseline 0 -19"><span class='ocrx_word' id='word_1_1' title='bbox 453 129 487 188; x_wconf 91' lang='lat'>11.</span> <span class='ocrx_word' id='word_1_2' title='bbox 509 130 683 204; x_wconf 72' lang='grc'><strong>11111111.</strong></span> <span class='ocrx_word' id='word_1_3' title='bbox 1014 132 1076 197; x_wconf 79' lang='lat'>121</span> 
     </span>
    </p>
   </div>
   <div class='ocr_carea' id='block_1_2' title="bbox 63 292 1203 2956">
    <p class='ocr_par' dir='ltr' id='par_1_2' title="bbox 63 292 1203 2956">
     <span class='ocr_line' id='line_1_2' title="bbox 68 292 1203 380; baseline 0.004 -25"><span class='ocrx_word' id='word_1_4' title='bbox 68 314 122 357; x_wconf 88' lang='lat' dir='ltr'>eos</span> <span class='ocrx_word' id='word_1_5' title='bbox 135 293 240 359; x_wconf 89' lang='lat' dir='ltr'>otioso</span> <span class='ocrx_word' id='word_1_6' title='bbox 256 294 367 359; x_wconf 89' lang='lat' dir='ltr'>animo</span> <span class='ocrx_word' id='word_1_7' title='bbox 382 316 465 377; x_wconf 83' lang='lat' dir='ltr'>essc3</span> <span class='ocrx_word' id='word_1_8' title='bbox 481 292 523 359; x_wconf 77' lang='lat' dir='ltr'>‘si</span> <span class='ocrx_word' id='word_1_9' title='bbox 537 295 623 359; x_wconf 89' lang='lat' dir='ltr'>enim</span> <span class='ocrx_word' id='word_1_10' title='bbox 636 294 798 361; x_wconf 89' lang='lat' dir='ltr'>dominus&#39;</span> <span class='ocrx_word' id='word_1_11' title='bbox 811 294 920 380; x_wconf 89' lang='lat' dir='ltr'>inquit</span> <span class='ocrx_word' id='word_1_12' title='bbox 934 294 1079 360; x_wconf 77' lang='lat' dir='ltr'>‘messim</span> <span class='ocrx_word' id='word_1_13' title='bbox 1196 305 1203 316; x_wconf 78' lang='lat'><strong>¹</strong></span> 
     </span>
     <span class='ocr_line' id='line_1_3' title="bbox 68 381 1079 470; baseline 0.005 -25"><span class='ocrx_word' id='word_1_14' title='bbox 68 381 109 445; x_wconf 89' lang='lat' dir='ltr'>ad</span> <span class='ocrx_word' id='word_1_15' title='bbox 135 382 254 447; x_wconf 88' lang='lat' dir='ltr'>amicos</span> <span class='ocrx_word' id='word_1_16' title='bbox 283 382 389 465; x_wconf 86' lang='lat' dir='ltr'>reicit,</span> <span class='ocrx_word' id='word_1_17' title='bbox 421 382 564 448; x_wconf 88' lang='lat' dir='ltr'>erastino</span> <span class='ocrx_word' id='word_1_18' title='bbox 598 405 691 470; x_wconf 84' lang='lat' dir='ltr'>seges</span> <span class='ocrx_word' id='word_1_19' title='bbox 719 406 784 449; x_wconf 91' lang='lat' dir='ltr'>non</span> <span class='ocrx_word' id='word_1_20' title='bbox 812 387 953 449; x_wconf 87' lang='lat' dir='ltr'>metetur</span> <span class='ocrx_word' id='word_1_21' title='bbox 974 405 1079 469; x_wconf 88' lang='lat' dir='ltr'>neque</span> 
     </span>
     <span class='ocr_line' id='line_1_4' title="bbox 66 470 1079 559; baseline 0.002 -23"><span class='ocrx_word' id='word_1_22' title='bbox 66 494 230 536; x_wconf 81' lang='lat' dir='ltr'>necessum</span> <span class='ocrx_word' id='word_1_23' title='bbox 267 477 330 555; x_wconf 84' lang='lat' dir='ltr'>est,</span> <span class='ocrx_word' id='word_1_24' title='bbox 362 470 459 536; x_wconf 89' lang='lat' dir='ltr'>hodie</span> <span class='ocrx_word' id='word_1_25' title='bbox 495 473 544 536; x_wconf 91' lang='lat' dir='ltr'>uti</span> <span class='ocrx_word' id='word_1_26' title='bbox 576 494 635 537; x_wconf 91' lang='lat' dir='ltr'>uos</span> <span class='ocrx_word' id='word_1_27' title='bbox 675 471 841 538; x_wconf 86' lang='lat' dir='ltr'>auferam&#39;.</span> <span class='ocrx_word' id='word_1_28' title='bbox 893 473 945 538; x_wconf 89' lang='lat' dir='ltr'>die</span> <span class='ocrx_word' id='word_1_29' title='bbox 976 474 1079 559; x_wconf 82' lang='lat' dir='ltr'>igitur</span> 
     </span>
     <span class='ocr_line' id='line_1_5' title="bbox 67 560 1079 647; baseline 0.002 -21"><span class='ocrx_word' id='word_1_30' title='bbox 67 564 196 646; x_wconf 86' lang='lat' dir='ltr'>postero</span> <span class='ocrx_word' id='word_1_31' title='bbox 220 564 327 624; x_wconf 87' lang='lat' dir='ltr'>mater</span> <span class='ocrx_word' id='word_1_32' title='bbox 349 562 384 624; x_wconf 92' lang='lat' dir='ltr'>in</span> <span class='ocrx_word' id='word_1_33' title='bbox 406 560 564 644; x_wconf 89' lang='lat' dir='ltr'>pabulum</span> <span class='ocrx_word' id='word_1_34' title='bbox 586 562 688 626; x_wconf 87' lang='lat' dir='ltr'>uolat.</span> <span class='ocrx_word' id='word_1_35' title='bbox 735 561 898 645; x_wconf 89' lang='lat' dir='ltr'>dominus,</span> <span class='ocrx_word' id='word_1_36' title='bbox 926 584 1006 647; x_wconf 91' lang='lat' dir='ltr'>quos</span> <span class='ocrx_word' id='word_1_37' title='bbox 1030 584 1079 628; x_wconf 78' lang='lat' dir='ltr'>ro</span> 
     </span>
     <span class='ocr_line' id='line_1_6' title="bbox 69 649 1080 735; baseline 0.001 -21"><span class='ocrx_word' id='word_1_38' title='bbox 69 652 214 735; x_wconf 82' lang='lat' dir='ltr'>gauerat,</span> <span class='ocrx_word' id='word_1_39' title='bbox 239 650 413 733; x_wconf 85' lang='lat' dir='ltr'>opperitur.</span> <span class='ocrx_word' id='word_1_40' title='bbox 452 649 502 714; x_wconf 93' lang='lat' dir='ltr'>sol</span> <span class='ocrx_word' id='word_1_41' title='bbox 525 649 633 734; x_wconf 83' lang='lat' dir='ltr'>foruit,</span> <span class='ocrx_word' id='word_1_42' title='bbox 657 654 690 715; x_wconf 89' lang='lat' dir='ltr'>et</span> <span class='ocrx_word' id='word_1_43' title='bbox 711 651 750 715; x_wconf 88' lang='lat' dir='ltr'>fit</span> <span class='ocrx_word' id='word_1_44' title='bbox 771 651 869 735; x_wconf 82' lang='lat' dir='ltr'>nihi13</span> <span class='ocrx_word' id='word_1_45' title='bbox 892 651 919 714; x_wconf 92' lang='lat' dir='ltr'>it</span> <span class='ocrx_word' id='word_1_46' title='bbox 943 650 1021 733; x_wconf 86' lang='lat' dir='ltr'>dies,</span> <span class='ocrx_word' id='word_1_47' title='bbox 1047 654 1080 715; x_wconf 87' lang='lat' dir='ltr'>et</span> 
     </span>
     <span class='ocr_line' id='line_1_7' title="bbox 68 737 1079 805; baseline 0.001 -2"><span class='ocrx_word' id='word_1_48' title='bbox 68 738 161 803; x_wconf 87' lang='lat' dir='ltr'>amici</span> <span class='ocrx_word' id='word_1_49' title='bbox 184 738 269 804; x_wconf 92' lang='lat' dir='ltr'>nulli</span> <span class='ocrx_word' id='word_1_50' title='bbox 297 741 398 802; x_wconf 89' lang='lat' dir='ltr'>erant.</span> <span class='ocrx_word' id='word_1_51' title='bbox 435 741 506 801; x_wconf 90' lang='lat' dir='ltr'>tum</span> <span class='ocrx_word' id='word_1_52' title='bbox 533 737 590 802; x_wconf 94' lang='lat' dir='ltr'>ille</span> <span class='ocrx_word' id='word_1_53' title='bbox 617 761 745 804; x_wconf 89' lang='lat' dir='ltr'>rursum</span> <span class='ocrx_word' id='word_1_54' title='bbox 775 740 814 805; x_wconf 86' lang='lat' dir='ltr'>ad</span> <span class='ocrx_word' id='word_1_55' title='bbox 842 739 947 804; x_wconf 88' lang='lat' dir='ltr'>filium</span> <span class='ocrx_word' id='word_1_56' title='bbox 971 739 1079 805; x_wconf 77' lang='lat' dir='ltr'>‘amici</span> 
     </span>
     <span class='ocr_line' id='line_1_8' title="bbox 67 826 1079 912; baseline 0.002 -20"><span class='ocrx_word' id='word_1_57' title='bbox 67 829 124 892; x_wconf 91' lang='lat' dir='ltr'>isti</span> <span class='ocrx_word' id='word_1_58' title='bbox 154 848 308 912; x_wconf 80' lang='lat' dir='ltr'>magnam</span> <span class='ocrx_word' id='word_1_59' title='bbox 339 826 478 910; x_wconf 87' lang='lat' dir='ltr'>partem&#39;</span> <span class='ocrx_word' id='word_1_60' title='bbox 510 826 616 911; x_wconf 87' lang='lat' dir='ltr'>iuquit</span> <span class='ocrx_word' id='word_1_61' title='bbox 648 827 839 894; x_wconf 82' lang='lat' dir='ltr'>‘cessatores</span> <span class='ocrx_word' id='word_1_62' title='bbox 873 831 956 893; x_wconf 90' lang='lat' dir='ltr'>sunt.</span> <span class='ocrx_word' id='word_1_63' title='bbox 1001 829 1079 912; x_wconf 88' lang='lat' dir='ltr'>quin</span> 
     </span>
     <span class='ocr_line' id='line_1_9' title="bbox 67 917 1081 1002; baseline 0 -20"><span class='ocrx_word' id='word_1_64' title='bbox 67 918 173 1001; x_wconf 90' lang='lat' dir='ltr'>potius</span> <span class='ocrx_word' id='word_1_65' title='bbox 219 917 304 981; x_wconf 90' lang='lat' dir='ltr'>imus</span> <span class='ocrx_word' id='word_1_66' title='bbox 346 919 379 979; x_wconf 89' lang='lat' dir='ltr'>et</span> <span class='ocrx_word' id='word_1_67' title='bbox 420 919 577 1001; x_wconf 81' lang='lat' dir='ltr'>cognatos</span> <span class='ocrx_word' id='word_1_68' title='bbox 619 917 803 1002; x_wconf 88' lang='lat' dir='ltr'>adfinesque</span> <span class='ocrx_word' id='word_1_69' title='bbox 839 921 970 981; x_wconf 85' lang='lat' dir='ltr'>nostros</span> <span class='ocrx_word' id='word_1_70' title='bbox 1007 939 1081 982; x_wconf 88' lang='lat' dir='ltr'>ora-</span> 
     </span>
     <span class='ocr_line' id='line_1_10' title="bbox 67 1004 1079 1090; baseline 0 -20"><span class='ocrx_word' id='word_1_71' title='bbox 67 1028 147 1090; x_wconf 84' lang='lat' dir='ltr'>mus,</span> <span class='ocrx_word' id='word_1_72' title='bbox 177 1009 216 1069; x_wconf 91' lang='lat' dir='ltr'>ut</span> <span class='ocrx_word' id='word_1_73' title='bbox 248 1004 356 1069; x_wconf 78' lang='lat' dir='ltr'><strong>adsint</strong></span> <span class='ocrx_word' id='word_1_74' title='bbox 383 1025 453 1069; x_wconf 88' lang='lat' dir='ltr'>cras</span> <span class='ocrx_word' id='word_1_75' title='bbox 482 1006 621 1090; x_wconf 79' lang='lat' dir='ltr'>temperi</span> <span class='ocrx_word' id='word_1_76' title='bbox 649 1007 690 1070; x_wconf 97' lang='lat' dir='ltr'>ad</span> <span class='ocrx_word' id='word_1_77' title='bbox 718 1004 937 1071; x_wconf 56' lang='lat' dir='ltr'>metendum?</span> <span class='ocrx_word' id='word_1_78' title='bbox 966 1005 1079 1070; x_wconf 90' lang='lat' dir='ltr'>itidem</span> 
     </span>
     <span class='ocr_line' id='line_1_11' title="bbox 67 1093 1080 1179; baseline 0.001 -22"><span class='ocrx_word' id='word_1_79' title='bbox 67 1095 127 1160; x_wconf 92' lang='lat' dir='ltr'>hoc</span> <span class='ocrx_word' id='word_1_80' title='bbox 154 1095 237 1179; x_wconf 93' lang='lat' dir='ltr'>pulli</span> <span class='ocrx_word' id='word_1_81' title='bbox 263 1093 427 1178; x_wconf 83' lang='lat' dir='ltr'>pauefacti</span> <span class='ocrx_word' id='word_1_82' title='bbox 455 1094 555 1160; x_wconf 83' lang='lat' dir='ltr'>matri</span> <span class='ocrx_word' id='word_1_83' title='bbox 581 1096 744 1161; x_wconf 86' lang='lat' dir='ltr'>nuntiant.</span> <span class='ocrx_word' id='word_1_84' title='bbox 791 1098 894 1160; x_wconf 87' lang='lat' dir='ltr'>mater</span> <span class='ocrx_word' id='word_1_85' title='bbox 918 1095 1080 1177; x_wconf 74' lang='lat' dir='ltr'><strong>hortatur,</strong></span> 
     </span>
     <span class='ocr_line' id='line_1_12' title="bbox 67 1183 1079 1268; baseline 0 -21"><span class='ocrx_word' id='word_1_86' title='bbox 67 1187 103 1247; x_wconf 92' lang='lat' dir='ltr'>ut</span> <span class='ocrx_word' id='word_1_87' title='bbox 124 1188 192 1248; x_wconf 91' lang='lat' dir='ltr'>tum</span> <span class='ocrx_word' id='word_1_88' title='bbox 217 1203 345 1268; x_wconf 90' lang='lat' dir='ltr'>quoque</span> <span class='ocrx_word' id='word_1_89' title='bbox 368 1183 438 1246; x_wconf 91' lang='lat' dir='ltr'>sine</span> <span class='ocrx_word' id='word_1_90' title='bbox 462 1185 551 1247; x_wconf 90' lang='lat' dir='ltr'>metu</span> <span class='ocrx_word' id='word_1_91' title='bbox 575 1185 703 1249; x_wconf 85' lang='lat' dir='ltr'>aesino</span> <span class='ocrx_word' id='word_1_92' title='bbox 727 1185 897 1267; x_wconf 71' lang='lat' dir='ltr'>sucasini,</span> <span class='ocrx_word' id='word_1_93' title='bbox 921 1186 1079 1268; x_wconf 83' lang='lat' dir='ltr'>cognatos</span> 
     </span>
     <span class='ocr_line' id='line_1_13' title="bbox 67 1269 1080 1357; baseline -0.002 -20"><span class='ocrx_word' id='word_1_94' title='bbox 67 1272 251 1356; x_wconf 83' lang='lat' dir='ltr'>adfinesque</span> <span class='ocrx_word' id='word_1_95' title='bbox 273 1271 382 1336; x_wconf 88' lang='lat' dir='ltr'>nullos</span> <span class='ocrx_word' id='word_1_96' title='bbox 405 1269 506 1335; x_wconf 87' lang='lat' dir='ltr'>ferme</span> <span class='ocrx_word' id='word_1_97' title='bbox 529 1275 599 1337; x_wconf 92' lang='lat' dir='ltr'>tam</span> <span class='ocrx_word' id='word_1_98' title='bbox 622 1294 693 1337; x_wconf 88' lang='lat' dir='ltr'>esse</span> <span class='ocrx_word' id='word_1_99' title='bbox 717 1273 936 1357; x_wconf 83' lang='lat' dir='ltr'>obsequibiles</span> <span class='ocrx_word' id='word_1_100' title='bbox 961 1270 1020 1354; x_wconf 89' lang='lat' dir='ltr'>ait,</span> <span class='ocrx_word' id='word_1_101' title='bbox 1043 1275 1080 1335; x_wconf 92' lang='lat' dir='ltr'>ut</span> 
     </span>
     <span class='ocr_line' id='line_1_14' title="bbox 67 1358 1080 1445; baseline -0.003 -19"><span class='ocrx_word' id='word_1_102' title='bbox 67 1362 106 1426; x_wconf 86' lang='lat' dir='ltr'>ad</span> <span class='ocrx_word' id='word_1_103' title='bbox 132 1361 280 1426; x_wconf 86' lang='lat' dir='ltr'>laborem</span> <span class='ocrx_word' id='word_1_104' title='bbox 309 1358 540 1445; x_wconf 89' lang='lat' dir='ltr'>capessendum</span> <span class='ocrx_word' id='word_1_105' title='bbox 568 1362 649 1426; x_wconf 91' lang='lat' dir='ltr'>nihil</span> <span class='ocrx_word' id='word_1_106' title='bbox 678 1365 869 1426; x_wconf 87' lang='lat' dir='ltr'>cunctentur</span> <span class='ocrx_word' id='word_1_107' title='bbox 901 1363 934 1424; x_wconf 91' lang='lat' dir='ltr'>et</span> <span class='ocrx_word' id='word_1_108' title='bbox 967 1359 1080 1424; x_wconf 85' lang='lat' dir='ltr'>statim</span> 
     </span>
     <span class='ocr_line' id='line_1_15' title="bbox 67 1448 1079 1535; baseline -0.001 -22"><span class='ocrx_word' id='word_1_109' title='bbox 67 1450 151 1516; x_wconf 94' lang='lat' dir='ltr'>dicto</span> <span class='ocrx_word' id='word_1_110' title='bbox 171 1449 337 1531; x_wconf 80' lang='lat' dir='ltr'>obediant3</span> <span class='ocrx_word' id='word_1_111' title='bbox 362 1449 433 1514; x_wconf 81' lang='lat' dir='ltr'>‘uos</span> <span class='ocrx_word' id='word_1_112' title='bbox 452 1449 562 1515; x_wconf 90' lang='lat' dir='ltr'>modo&#39;</span> <span class='ocrx_word' id='word_1_113' title='bbox 582 1451 689 1535; x_wconf 91' lang='lat' dir='ltr'>inquit</span> <span class='ocrx_word' id='word_1_114' title='bbox 707 1449 886 1532; x_wconf 67' lang='lat' dir='ltr'>‘aduertite</span> <span class='ocrx_word' id='word_1_115' title='bbox 906 1449 935 1515; x_wconf 87' lang='lat' dir='ltr'>si</span> <span class='ocrx_word' id='word_1_116' title='bbox 955 1448 1079 1532; x_wconf 90' lang='lat' dir='ltr'>[modo]</span> 
     </span>
     <span class='ocr_line' id='line_1_16' title="bbox 66 1537 1081 1623; baseline -0.001 -21"><span class='ocrx_word' id='word_1_117' title='bbox 66 1539 142 1623; x_wconf 92' lang='lat' dir='ltr'>quid</span> <span class='ocrx_word' id='word_1_118' title='bbox 170 1538 276 1604; x_wconf 89' lang='lat' dir='ltr'>denuo</span> <span class='ocrx_word' id='word_1_119' title='bbox 305 1537 449 1602; x_wconf 89' lang='lat' dir='ltr'>dicetur&#39;.</span> <span class='ocrx_word' id='word_1_120' title='bbox 487 1539 552 1603; x_wconf 87' lang='lat' dir='ltr'>alia</span> <span class='ocrx_word' id='word_1_121' title='bbox 579 1540 650 1604; x_wconf 90' lang='lat' dir='ltr'>luce</span> <span class='ocrx_word' id='word_1_122' title='bbox 683 1542 757 1604; x_wconf 87' lang='lat' dir='ltr'>orta</span> <span class='ocrx_word' id='word_1_123' title='bbox 789 1538 858 1604; x_wconf 90' lang='lat' dir='ltr'>auis</span> <span class='ocrx_word' id='word_1_124' title='bbox 886 1539 920 1603; x_wconf 90' lang='lat' dir='ltr'>in</span> <span class='ocrx_word' id='word_1_125' title='bbox 948 1541 1081 1623; x_wconf 91' lang='lat' dir='ltr'>pastum</span> 
     </span>
     <span class='ocr_line' id='line_1_17' title="bbox 64 1626 1082 1712; baseline -0.001 -21"><span class='ocrx_word' id='word_1_126' title='bbox 64 1627 212 1710; x_wconf 85' lang='lat' dir='ltr'>profecta</span> <span class='ocrx_word' id='word_1_127' title='bbox 236 1631 295 1691; x_wconf 85' lang='lat' dir='ltr'>est.</span> <span class='ocrx_word' id='word_1_128' title='bbox 336 1626 469 1710; x_wconf 75' lang='lat' dir='ltr'>cognati</span> <span class='ocrx_word' id='word_1_129' title='bbox 497 1631 530 1692; x_wconf 87' lang='lat' dir='ltr'>et</span> <span class='ocrx_word' id='word_1_130' title='bbox 557 1629 680 1693; x_wconf 89' lang='lat' dir='ltr'>adfines</span> <span class='ocrx_word' id='word_1_131' title='bbox 708 1650 854 1712; x_wconf 88' lang='lat' dir='ltr'>operam,</span> <span class='ocrx_word' id='word_1_132' title='bbox 883 1626 1082 1712; x_wconf 81' lang='lat' dir='ltr'>quamdam</span> 
     </span>
     <span class='ocr_line' id='line_1_18' title="bbox 64 1714 1193 1802; baseline -0.002 -22"><span class='ocrx_word' id='word_1_133' title='bbox 64 1717 174 1802; x_wconf 84' lang='lat' dir='ltr'>rogati</span> <span class='ocrx_word' id='word_1_134' title='bbox 198 1720 288 1800; x_wconf 83' lang='lat' dir='ltr'>sunt,</span> <span class='ocrx_word' id='word_1_135' title='bbox 316 1715 575 1800; x_wconf 87' lang='lat' dir='ltr'>supersederunt.</span> <span class='ocrx_word' id='word_1_136' title='bbox 613 1717 654 1781; x_wconf 91' lang='lat' dir='ltr'>ad</span> <span class='ocrx_word' id='word_1_137' title='bbox 676 1721 877 1800; x_wconf 89' lang='lat' dir='ltr'>postremum</span> <span class='ocrx_word' id='word_1_138' title='bbox 903 1716 1005 1802; x_wconf 80' lang='lat' dir='ltr'>igitur</span> <span class='ocrx_word' id='word_1_139' title='bbox 1028 1714 1081 1779; x_wconf 93' lang='lat' dir='ltr'>do·</span> <span class='ocrx_word' id='word_1_140' title='bbox 1192 1745 1193 1750; x_wconf 42' lang='lat'>¹</span> 
     </span>
     <span class='ocr_line' id='line_1_19' title="bbox 65 1803 1081 1889; baseline -0.001 -21"><span class='ocrx_word' id='word_1_141' title='bbox 65 1807 172 1870; x_wconf 89' lang='lat' dir='ltr'>minus</span> <span class='ocrx_word' id='word_1_142' title='bbox 205 1804 274 1869; x_wconf 92' lang='lat' dir='ltr'>filio</span> <span class='ocrx_word' id='word_1_143' title='bbox 307 1803 463 1870; x_wconf 75' lang='lat' dir='ltr'>‘ualeant&#39;</span> <span class='ocrx_word' id='word_1_144' title='bbox 496 1805 602 1889; x_wconf 90' lang='lat' dir='ltr'>inquit</span> <span class='ocrx_word' id='word_1_145' title='bbox 634 1805 742 1871; x_wconf 78' lang='lat' dir='ltr'>‘amici</span> <span class='ocrx_word' id='word_1_146' title='bbox 775 1827 849 1870; x_wconf 92' lang='lat' dir='ltr'>cum</span> <span class='ocrx_word' id='word_1_147' title='bbox 880 1804 1081 1888; x_wconf 85' lang='lat' dir='ltr'>propinquis.</span> 
     </span>
     <span class='ocr_line' id='line_1_20' title="bbox 65 1892 1082 1980; baseline -0.002 -22"><span class='ocrx_word' id='word_1_148' title='bbox 65 1893 181 1958; x_wconf 87' lang='lat' dir='ltr'>afferes</span> <span class='ocrx_word' id='word_1_149' title='bbox 204 1894 309 1977; x_wconf 90' lang='lat' dir='ltr'>primo</span> <span class='ocrx_word' id='word_1_150' title='bbox 333 1894 399 1957; x_wconf 91' lang='lat' dir='ltr'>luci</span> <span class='ocrx_word' id='word_1_151' title='bbox 421 1893 520 1958; x_wconf 81' lang='lat' dir='ltr'>falces</span> <span class='ocrx_word' id='word_1_152' title='bbox 545 1895 638 1959; x_wconf 86' lang='lat' dir='ltr'>duas:</span> <span class='ocrx_word' id='word_1_153' title='bbox 665 1917 764 1959; x_wconf 88' lang='lat' dir='ltr'>unam</span> <span class='ocrx_word' id='word_1_154' title='bbox 792 1899 923 1980; x_wconf 83' lang='lat' dir='ltr'>egomet</span> <span class='ocrx_word' id='word_1_155' title='bbox 946 1892 1025 1956; x_wconf 88' lang='lat' dir='ltr'>mihi</span> <span class='ocrx_word' id='word_1_156' title='bbox 1048 1897 1082 1957; x_wconf 86' lang='grc'>11</span> 
     </span>
     <span class='ocr_line' id='line_1_21' title="bbox 64 1981 1082 2067; baseline -0.002 -21"><span class='ocrx_word' id='word_1_157' title='bbox 64 1987 102 2046; x_wconf 90' lang='lat' dir='ltr'>tu</span> <span class='ocrx_word' id='word_1_158' title='bbox 125 1983 188 2048; x_wconf 92' lang='lat' dir='ltr'>tibi</span> <span class='ocrx_word' id='word_1_159' title='bbox 212 1983 319 2065; x_wconf 88' lang='lat' dir='ltr'>capies</span> <span class='ocrx_word' id='word_1_160' title='bbox 340 1982 478 2047; x_wconf 85' lang='lat' dir='ltr'>alteram</span> <span class='ocrx_word' id='word_1_161' title='bbox 500 1986 533 2047; x_wconf 91' lang='lat' dir='ltr'>et</span> <span class='ocrx_word' id='word_1_162' title='bbox 550 1983 749 2048; x_wconf 83' lang='lat' dir='ltr'>frumentum</span> <span class='ocrx_word' id='word_1_163' title='bbox 769 1983 962 2067; x_wconf 71' lang='lat' dir='ltr'>nosmetipsi</span> <span class='ocrx_word' id='word_1_164' title='bbox 981 1981 1082 2045; x_wconf 87' lang='lat' dir='ltr'>mani-</span> 
     </span>
     <span class='ocr_line' id='line_1_22' title="bbox 63 2069 1082 2156; baseline -0.002 -20"><span class='ocrx_word' id='word_1_165' title='bbox 63 2073 124 2136; x_wconf 88' lang='lat' dir='ltr'>bus</span> <span class='ocrx_word' id='word_1_166' title='bbox 153 2071 277 2136; x_wconf 90' lang='lat' dir='ltr'>nostris</span> <span class='ocrx_word' id='word_1_167' title='bbox 305 2092 377 2135; x_wconf 88' lang='lat' dir='ltr'>cras</span> <span class='ocrx_word' id='word_1_168' title='bbox 405 2071 586 2137; x_wconf 85' lang='lat' dir='ltr'>metemus&#39;.</span> <span class='ocrx_word' id='word_1_169' title='bbox 627 2072 661 2137; x_wconf 93' lang='lat' dir='ltr'>id</span> <span class='ocrx_word' id='word_1_170' title='bbox 688 2072 745 2138; x_wconf 92' lang='lat' dir='ltr'>ubi</span> <span class='ocrx_word' id='word_1_171' title='bbox 774 2094 812 2136; x_wconf 86' lang='lat' dir='ltr'>ex</span> <span class='ocrx_word' id='word_1_172' title='bbox 839 2070 939 2156; x_wconf 90' lang='lat' dir='ltr'>pullis</span> <span class='ocrx_word' id='word_1_173' title='bbox 964 2069 1082 2134; x_wconf 86' lang='lat' dir='ltr'>dixisse</span> 
     </span>
     <span class='ocr_line' id='line_1_23' title="bbox 64 2157 1084 2246; baseline -0.002 -22"><span class='ocrx_word' id='word_1_174' title='bbox 64 2159 234 2226; x_wconf 91' lang='lat' dir='ltr'>dominum</span> <span class='ocrx_word' id='word_1_175' title='bbox 262 2163 367 2224; x_wconf 86' lang='lat' dir='ltr'>mater</span> <span class='ocrx_word' id='word_1_176' title='bbox 395 2160 532 2245; x_wconf 87' lang='lat' dir='ltr'>audiuit,</span> <span class='ocrx_word' id='word_1_177' title='bbox 557 2160 710 2246; x_wconf 77' lang='lat' dir='ltr'>‘tempus&#39;</span> <span class='ocrx_word' id='word_1_178' title='bbox 733 2161 841 2246; x_wconf 85' lang='lat' dir='ltr'>inquit</span> <span class='ocrx_word' id='word_1_179' title='bbox 865 2159 927 2223; x_wconf 76' lang='lat' dir='ltr'>‘est</span> <span class='ocrx_word' id='word_1_180' title='bbox 950 2157 1084 2222; x_wconf 87' lang='lat' dir='ltr'>cedendi</span> 
     </span>
     <span class='ocr_line' id='line_1_24' title="bbox 64 2246 1083 2334; baseline -0.005 -20"><span class='ocrx_word' id='word_1_181' title='bbox 64 2253 98 2314; x_wconf 87' lang='lat' dir='ltr'>ot</span> <span class='ocrx_word' id='word_1_182' title='bbox 131 2248 286 2333; x_wconf 88' lang='lat' dir='ltr'>abeundi;</span> <span class='ocrx_word' id='word_1_183' title='bbox 321 2248 379 2313; x_wconf 91' lang='lat' dir='ltr'>fiet</span> <span class='ocrx_word' id='word_1_184' title='bbox 410 2271 496 2313; x_wconf 90' lang='lat' dir='ltr'>nunc</span> <span class='ocrx_word' id='word_1_185' title='bbox 528 2250 625 2314; x_wconf 91' lang='lat' dir='ltr'>dubio</span> <span class='ocrx_word' id='word_1_186' title='bbox 657 2250 784 2334; x_wconf 84' lang='lat' dir='ltr'>procul,</span> <span class='ocrx_word' id='word_1_187' title='bbox 819 2248 906 2333; x_wconf 91' lang='lat' dir='ltr'>quod</span> <span class='ocrx_word' id='word_1_188' title='bbox 937 2246 1083 2311; x_wconf 82' lang='lat' dir='ltr'>futurum</span> 
     </span>
     <span class='ocr_line' id='line_1_25' title="bbox 64 2334 1083 2422; baseline -0.004 -20"><span class='ocrx_word' id='word_1_189' title='bbox 64 2339 154 2402; x_wconf 84' lang='lat' dir='ltr'>dixit.</span> <span class='ocrx_word' id='word_1_190' title='bbox 192 2337 226 2401; x_wconf 91' lang='lat' dir='ltr'>in</span> <span class='ocrx_word' id='word_1_191' title='bbox 250 2337 322 2421; x_wconf 90' lang='lat' dir='ltr'>ipso</span> <span class='ocrx_word' id='word_1_192' title='bbox 347 2337 521 2402; x_wconf 83' lang='lat' dir='ltr'>animiam</span> <span class='ocrx_word' id='word_1_193' title='bbox 545 2339 693 2422; x_wconf 84' lang='lat' dir='ltr'>uertitur,</span> <span class='ocrx_word' id='word_1_194' title='bbox 717 2339 789 2404; x_wconf 89' lang='lat' dir='ltr'>cuia</span> <span class='ocrx_word' id='word_1_195' title='bbox 812 2360 863 2402; x_wconf 86' lang='lat' dir='ltr'>res</span> <span class='ocrx_word' id='word_1_196' title='bbox 882 2339 941 2420; x_wconf 88' lang='lat' dir='ltr'>est,</span> <span class='ocrx_word' id='word_1_197' title='bbox 963 2334 1083 2400; x_wconf 90' lang='lat' dir='ltr'>nonin</span> 
     </span>
     <span class='ocr_line' id='line_1_26' title="bbox 64 2422 1083 2511; baseline -0.004 -20"><span class='ocrx_word' id='word_1_198' title='bbox 64 2427 143 2511; x_wconf 82' lang='lat' dir='ltr'>alic,</span> <span class='ocrx_word' id='word_1_199' title='bbox 165 2425 250 2494; x_wconf 81' lang='lat' dir='ltr'>unde</span> <span class='ocrx_word' id='word_1_200' title='bbox 273 2425 417 2511; x_wconf 85' lang='lat' dir='ltr'>petitur&#39;.</span> <span class='ocrx_word' id='word_1_201' title='bbox 450 2430 546 2511; x_wconf 89' lang='lat' dir='ltr'>atque</span> <span class='ocrx_word' id='word_1_202' title='bbox 570 2427 618 2492; x_wconf 91' lang='lat' dir='ltr'>ita</span> <span class='ocrx_word' id='word_1_203' title='bbox 641 2427 761 2492; x_wconf 85' lang='lat' dir='ltr'>cassita</span> <span class='ocrx_word' id='word_1_204' title='bbox 783 2427 897 2492; x_wconf 90' lang='lat' dir='ltr'>nidum</span> <span class='ocrx_word' id='word_1_205' title='bbox 918 2422 1083 2510; x_wconf 84' lang='lat' dir='ltr'>migrauit,</span> 
     </span>
     <span class='ocr_line' id='line_1_27' title="bbox 63 2514 1083 2601; baseline -0.003 -21"><span class='ocrx_word' id='word_1_206' title='bbox 63 2536 160 2601; x_wconf 80' lang='lat' dir='ltr'>seges</span> <span class='ocrx_word' id='word_1_207' title='bbox 184 2538 204 2579; x_wconf 89' lang='lat' dir='ltr'>a</span> <span class='ocrx_word' id='word_1_208' title='bbox 227 2514 357 2580; x_wconf 90' lang='lat' dir='ltr'>domino</span> <span class='ocrx_word' id='word_1_209' title='bbox 383 2515 530 2579; x_wconf 88' lang='lat' dir='ltr'>demessa</span> <span class='ocrx_word' id='word_1_210' title='bbox 554 2516 624 2580; x_wconf 88' lang='lat' dir='ltr'>est&#39;.</span> <span class='ocrx_word' id='word_1_211' title='bbox 650 2553 688 2564; x_wconf 90' lang='lat'><em>-</em></span> <span class='ocrx_word' id='word_1_212' title='bbox 715 2517 800 2582; x_wconf 92' lang='lat' dir='ltr'>hunc</span> <span class='ocrx_word' id='word_1_213' title='bbox 823 2514 971 2599; x_wconf 81' lang='lat' dir='ltr'>Aesopi</span> <span class='ocrx_word' id='word_1_214' title='bbox 993 2535 1083 2599; x_wconf 91' lang='lat' dir='ltr'>apo-</span> 
     </span>
     <span class='ocr_line' id='line_1_28' title="bbox 63 2601 1100 2690; baseline -0.003 -22"><span class='ocrx_word' id='word_1_215' title='bbox 63 2605 196 2690; x_wconf 79' lang='lat' dir='ltr'>logum</span> <span class='ocrx_word' id='word_1_216' title='bbox 220 2601 428 2678; x_wconf 73' lang='grc'><strong>1111111111</strong></span> <span class='ocrx_word' id='word_1_217' title='bbox 451 2604 491 2669; x_wconf 90' lang='lat' dir='ltr'>in</span> <span class='ocrx_word' id='word_1_218' title='bbox 514 2605 649 2668; x_wconf 86' lang='lat' dir='ltr'>satiris</span> <span class='ocrx_word' id='word_1_219' title='bbox 674 2605 754 2670; x_wconf 87' lang='lat' dir='ltr'>scite</span> <span class='ocrx_word' id='word_1_220' title='bbox 778 2605 951 2670; x_wconf 83' lang='lat' dir='ltr'>admodum</span> <span class='ocrx_word' id='word_1_221' title='bbox 975 2606 1008 2667; x_wconf 87' lang='lat' dir='ltr'>et</span> <span class='ocrx_word' id='word_1_222' title='bbox 1030 2622 1100 2665; x_wconf 89' lang='lat' dir='ltr'>ue·-</span> 
     </span>
     <span class='ocr_line' id='line_1_29' title="bbox 63 2691 1083 2779; baseline -0.005 -21"><span class='ocrx_word' id='word_1_223' title='bbox 63 2696 161 2758; x_wconf 90' lang='lat' dir='ltr'>nuste</span> <span class='ocrx_word' id='word_1_224' title='bbox 185 2693 333 2757; x_wconf 85' lang='lat' dir='ltr'>uersibus</span> <span class='ocrx_word' id='word_1_225' title='bbox 358 2692 527 2777; x_wconf 85' lang='lat' dir='ltr'>quadratis</span> <span class='ocrx_word' id='word_1_226' title='bbox 551 2693 743 2779; x_wconf 87' lang='lat' dir='ltr'>composuit.</span> <span class='ocrx_word' id='word_1_227' title='bbox 781 2716 918 2778; x_wconf 87' lang='lat' dir='ltr'>quorum</span> <span class='ocrx_word' id='word_1_228' title='bbox 940 2691 1003 2755; x_wconf 92' lang='lat' dir='ltr'>duo</span> <span class='ocrx_word' id='word_1_229' title='bbox 1026 2711 1083 2774; x_wconf 94' lang='lat' dir='ltr'>po·</span> 
     </span>
     <span class='ocr_line' id='line_1_30' title="bbox 64 2779 1084 2866; baseline -0.007 -18"><span class='ocrx_word' id='word_1_230' title='bbox 64 2779 182 2848; x_wconf 86' lang='lat' dir='ltr'>stremi</span> <span class='ocrx_word' id='word_1_231' title='bbox 201 2780 257 2845; x_wconf 88' lang='lat' dir='ltr'>isti</span> <span class='ocrx_word' id='word_1_232' title='bbox 277 2785 362 2865; x_wconf 87' lang='lat' dir='ltr'>sunt,</span> <span class='ocrx_word' id='word_1_233' title='bbox 382 2804 463 2866; x_wconf 89' lang='lat' dir='ltr'>quos</span> <span class='ocrx_word' id='word_1_234' title='bbox 477 2782 597 2847; x_wconf 88' lang='lat' dir='ltr'>habere</span> <span class='ocrx_word' id='word_1_235' title='bbox 617 2783 705 2848; x_wconf 91' lang='lat' dir='ltr'>cordi</span> <span class='ocrx_word' id='word_1_236' title='bbox 720 2787 753 2848; x_wconf 87' lang='lat' dir='ltr'>et</span> <span class='ocrx_word' id='word_1_237' title='bbox 770 2782 947 2848; x_wconf 85' lang='lat' dir='ltr'>memoriae</span> <span class='ocrx_word' id='word_1_238' title='bbox 967 2799 1084 2862; x_wconf 78' lang='lat' dir='ltr'>operae</span> 
     </span>
     <span class='ocr_line' id='line_1_31' title="bbox 63 2869 548 2956; baseline 0 -21"><span class='ocrx_word' id='word_1_239' title='bbox 63 2869 207 2956; x_wconf 88' lang='lat' dir='ltr'>pretium</span> <span class='ocrx_word' id='word_1_240' title='bbox 232 2890 303 2934; x_wconf 85' lang='lat' dir='ltr'>esse</span> <span class='ocrx_word' id='word_1_241' title='bbox 325 2869 433 2934; x_wconf 87' lang='lat' dir='ltr'>hercle</span> <span class='ocrx_word' id='word_1_242' title='bbox 455 2874 548 2955; x_wconf 92' lang='lat' dir='ltr'>puto:</span> 
     </span>
    </p>
   </div>
   <div class='ocr_carea' id='block_1_3' title="bbox 108 2974 1084 3152">
    <p class='ocr_par' dir='ltr' id='par_1_3' title="bbox 108 2974 1084 3152">
     <span class='ocr_line' id='line_1_32' title="bbox 109 2974 1084 3062; baseline -0.007 -21"><span class='ocrx_word' id='word_1_243' title='bbox 109 2977 174 3041; x_wconf 78' lang='lat' dir='ltr'>hoc</span> <span class='ocrx_word' id='word_1_244' title='bbox 189 2975 251 3040; x_wconf 89' lang='lat' dir='ltr'>erit</span> <span class='ocrx_word' id='word_1_245' title='bbox 267 2975 330 3039; x_wconf 87' lang='lat' dir='ltr'>tibi</span> <span class='ocrx_word' id='word_1_246' title='bbox 350 2978 580 3060; x_wconf 74' lang='lat' dir='ltr'>argumentum</span> <span class='ocrx_word' id='word_1_247' title='bbox 600 2979 726 3062; x_wconf 75' lang='lat' dir='ltr'>semper</span> <span class='ocrx_word' id='word_1_248' title='bbox 743 2977 778 3042; x_wconf 91' lang='lat' dir='ltr'>in</span> <span class='ocrx_word' id='word_1_249' title='bbox 796 2979 953 3062; x_wconf 74' lang='lat' dir='ltr'>prompti</span> <span class='ocrx_word' id='word_1_250' title='bbox 972 2974 1084 3039; x_wconf 87' lang='lat' dir='ltr'>situm:</span> 
     </span>
     <span class='ocr_line' id='line_1_33' title="bbox 108 3064 1039 3152; baseline -0.003 -22"><span class='ocrx_word' id='word_1_251' title='bbox 108 3067 151 3130; x_wconf 73' lang='lat' dir='ltr'>ne</span> <span class='ocrx_word' id='word_1_252' title='bbox 176 3064 252 3150; x_wconf 92' lang='lat' dir='ltr'>quid</span> <span class='ocrx_word' id='word_1_253' title='bbox 276 3067 426 3150; x_wconf 75' lang='lat' dir='ltr'>expectes</span> <span class='ocrx_word' id='word_1_254' title='bbox 450 3065 584 3150; x_wconf 85' lang='lat' dir='ltr'>amicos,</span> <span class='ocrx_word' id='word_1_255' title='bbox 612 3068 650 3129; x_wconf 83' lang='lat' dir='ltr'>td</span> <span class='ocrx_word' id='word_1_256' title='bbox 674 3066 760 3150; x_wconf 90' lang='lat' dir='ltr'>quod</span> <span class='ocrx_word' id='word_1_257' title='bbox 784 3087 880 3152; x_wconf 84' lang='lat' dir='ltr'>agere</span> <span class='ocrx_word' id='word_1_258' title='bbox 903 3064 1039 3150; x_wconf 77' lang='lat' dir='ltr'>possies.</span> 
     </span>
    </p>
   </div>
   <div class='ocr_carea' id='block_1_4' title="bbox 111 3204 1179 3294">
    <p class='ocr_par' dir='ltr' id='par_1_4' title="bbox 111 3204 1179 3294">
     <span class='ocr_line' id='line_1_34' title="bbox 111 3204 1179 3294; baseline 0 -24"><span class='ocrx_word' id='word_1_259' title='bbox 111 3206 230 3271; x_wconf 84' lang='lat' dir='ltr'>sdbulo</span> <span class='ocrx_word' id='word_1_260' title='bbox 254 3207 418 3291; x_wconf 77' lang='lat' dir='ltr'>quondam</span> <span class='ocrx_word' id='word_1_261' title='bbox 442 3207 585 3272; x_wconf 88' lang='lat' dir='ltr'>marinas</span> <span class='ocrx_word' id='word_1_262' title='bbox 608 3211 743 3294; x_wconf 80' lang='lat' dir='ltr'>propter</span> <span class='ocrx_word' id='word_1_263' title='bbox 767 3207 920 3273; x_wconf 72' lang='lat' dir='ltr'>adstabat</span> <span class='ocrx_word' id='word_1_264' title='bbox 942 3204 1069 3290; x_wconf 80' lang='lat' dir='ltr'>plagas.</span> <span class='ocrx_word' id='word_1_265' title='bbox 1120 3212 1179 3270; x_wconf 77' lang='lat'>482</span> 
     </span>
    </p>
   </div>
   <div class='ocr_carea' id='block_1_5' title="bbox 67 3362 1086 3578">
    <p class='ocr_par' dir='ltr' id='par_1_5' title="bbox 67 3362 1086 3578">
     <span class='ocr_line' id='line_1_35' title="bbox 137 3362 1086 3435; baseline 0 -17"><span class='ocrx_word' id='word_1_266' title='bbox 137 3369 192 3420; x_wconf 74' lang='lat'>408</span> <span class='ocrx_word' id='word_1_267' title='bbox 216 3363 305 3420; x_wconf 84' lang='lat' dir='ltr'>Varro</span> <span class='ocrx_word' id='word_1_268' title='bbox 323 3363 376 3419; x_wconf 87' lang='lat' dir='ltr'>VII</span> <span class='ocrx_word' id='word_1_269' title='bbox 394 3369 429 3420; x_wconf 79' lang='lat'>85</span> <span class='ocrx_word' id='word_1_270' title='bbox 451 3366 526 3435; x_wconf 86' lang='lat' dir='ltr'>apud</span> <span class='ocrx_word' id='word_1_271' title='bbox 550 3363 672 3418; x_wconf 85' lang='lat' dir='ltr'>Ennium</span> <span class='ocrx_word' id='word_1_272' title='bbox 696 3405 724 3420; x_wconf 91' lang='lat'>..</span> <span class='ocrx_word' id='word_1_273' title='bbox 750 3363 850 3419; x_wconf 87' lang='lat' dir='ltr'>subulo</span> <span class='ocrx_word' id='word_1_274' title='bbox 878 3362 981 3432; x_wconf 84' lang='lat' dir='ltr'>dictus,</span> <span class='ocrx_word' id='word_1_275' title='bbox 1011 3363 1086 3433; x_wconf 90' lang='lat' dir='ltr'>quod</span> 
     </span>
     <span class='ocr_line' id='line_1_36' title="bbox 67 3434 1086 3504; baseline -0.003 -12"><span class='ocrx_word' id='word_1_276' title='bbox 67 3438 109 3492; x_wconf 83' lang='lat' dir='ltr'>ita</span> <span class='ocrx_word' id='word_1_277' title='bbox 127 3435 259 3490; x_wconf 84' lang='lat' dir='ltr'>dicuutur</span> <span class='ocrx_word' id='word_1_278' title='bbox 276 3435 408 3490; x_wconf 82' lang='lat' dir='ltr'>tibicines</span> <span class='ocrx_word' id='word_1_279' title='bbox 427 3435 522 3502; x_wconf 80' lang='lat' dir='ltr'>Tusci3</span> <span class='ocrx_word' id='word_1_280' title='bbox 549 3435 624 3492; x_wconf 81' lang='lat' dir='ltr'>Fest.</span> <span class='ocrx_word' id='word_1_281' title='bbox 644 3441 696 3492; x_wconf 85' lang='grc'>309</span> <span class='ocrx_word' id='word_1_282' title='bbox 716 3434 817 3489; x_wconf 91' lang='lat' dir='ltr'>subulo</span> <span class='ocrx_word' id='word_1_283' title='bbox 837 3476 864 3490; x_wconf 92' lang='lat'>..</span> <span class='ocrx_word' id='word_1_284' title='bbox 885 3434 991 3490; x_wconf 81' lang='lat' dir='ltr'>Ennius</span> <span class='ocrx_word' id='word_1_285' title='bbox 1012 3435 1017 3504; x_wconf 90' lang='grc' dir='ltr'>Ι</span> <span class='ocrx_word' id='word_1_286' title='bbox 1037 3435 1086 3489; x_wconf 90' lang='lat' dir='ltr'>ad-</span> 
     </span>
     <span class='ocr_line' id='line_1_37' title="bbox 67 3505 607 3578; baseline -0.002 -15"><span class='ocrx_word' id='word_1_287' title='bbox 67 3506 177 3563; x_wconf 73' lang='lat' dir='ltr'>strabat</span> <span class='ocrx_word' id='word_1_288' title='bbox 194 3507 251 3562; x_wconf 85' lang='lat' dir='ltr'>cod.</span> <span class='ocrx_word' id='word_1_289' title='bbox 272 3505 351 3564; x_wconf 78' lang='lat' dir='ltr'>Festi</span> <span class='ocrx_word' id='word_1_290' title='bbox 370 3506 376 3578; x_wconf 92' lang='grc' dir='ltr'>Ι</span> <span class='ocrx_word' id='word_1_291' title='bbox 398 3524 485 3577; x_wconf 86' lang='lat' dir='ltr'>aquas</span> <span class='ocrx_word' id='word_1_292' title='bbox 511 3505 607 3562; x_wconf 82' lang='lat' dir='ltr'>Varro.</span> 
     </span>
    </p>
   </div>
   <div class='ocr_carea' id='block_1_6' title="bbox 0 0 1246 3886">
    <p class='ocr_par' dir='ltr' id='par_1_6' title="bbox 0 0 1246 3886">
     <span class='ocr_line' id='line_1_38' title="bbox 0 0 1246 3886; baseline 0 0"><span class='ocrx_word' id='word_1_293' title='bbox 0 0 1246 3886; x_wconf 95' lang='lat' dir='ltr'> </span> 
     </span>
    </p>
   </div>
  </div>
 </body>
</html>
