2494 3888
466 133 690 190 OHALGIDIUS.
1040 131 1106 198 409

136 319 280 383 namque
303 317 364 382 ego
386 296 574 362 iamdudum
597 295 665 360 uixi
687 318 768 382 puer
791 301 824 361 et
848 294 953 361 solida
976 295 1086 380 arbos,
1122 290 1160 347 ll

138 391 172 452 et
195 386 257 452 tali
280 407 358 451 sexu
380 386 454 450 inde
479 385 613 469 animal,
636 388 707 450 tum
730 385 836 450 lactea
858 384 961 468 uirgo.

136 531 285 593 mutatos
309 526 432 592 sobolis
456 529 580 593 mactat
602 529 695 610 pater
716 526 837 609 impius
862 529 965 604 artus,
1123 520 1161 577 Ῑ2

139 616 190 682 dis
214 617 345 700 epulum
369 615 489 699 libans3
513 637 611 679 saeua
633 635 728 699 prece
751 614 868 679 territa
892 617 1000 678 mente
1098 659 1103 666 -

137 705 263 785 hostia,
285 704 428 769 luctifica
450 705 636 769 funestatur
659 702 741 786 dape
766 723 887 766 mensa.

137 797 235 859 natus
254 793 334 858 item
352 796 389 856 ut
407 793 544 876 pecudes
563 791 668 856 caedit
687 795 890 875 matremque
908 793 1108 874 patremque,

139 904 200 948 nee
224 881 322 946 sentit
345 903 438 946 caros
461 880 617 946 mandens
641 879 701 944 sub
725 879 876 944 dentibus
900 884 1001 944 artus.

141 1021 360 1106 comprimite,
384 1043 402 1086 0
427 1025 555 1107 gentes,
577 1021 765 1086 homicidia!
789 1041 895 1086 nonne
918 1019 1036 1085 uidetis
1126 1013 1164 1070 13

143 1110 295 1176 mandere
317 1131 378 1176 uos
400 1110 552 1196 proprios
576 1113 668 1174 artus
692 1131 730 1175 ac
751 1109 879 1176 uiscera
900 1108 1033 1174 uestra?

442 1323 501 1380 V1.
529 1337 574 1379 ox
595 1322 768 1394 Enmplde.

142 1477 203 1520 nec
225 1457 277 1520 md
299 1454 382 1519 latet
404 1477 502 1536 nunc,
526 1456 624 1539 quem
647 1458 781 1520 cruenta
804 1453 960 1539 odgitem;
1127 1456 1166 1514 14

144 1543 201 1608 sed
223 1541 326 1608 uincit
348 1543 398 1608 ira
421 1543 596 1608 sanitatem
619 1543 770 1628 pectoris.

339 1755 415 1812 vn.
444 1769 488 1812 ex
510 1755 707 1812 Alexandro
729 1755 871 1812 Milesio.

146 1888 279 1954 sortitos
304 1887 397 1966 celsis
420 1887 580 1972 replicant
603 1887 802 1953 anfractibus
826 1888 935 1972 orbes3
1129 1873 1166 1930 ¹5

144 1977 287 2042 uicinum
310 1976 408 2040 terris
432 1975 645 2042 circumuolat
667 1998 765 2042 aurea
787 1975 893 2060 Luna,

145 2087 243 2150 quam
267 2086 363 2150 super
386 2065 552 2130 inuehitur
575 2063 756 2148 Cyllenius3
780 2065 867 2129 alma
891 2085 1029 2148 superne

142 2157 329 2218 nectareum
352 2151 461 2218 ridens
484 2153 550 2218 late
574 2153 723 2236 splendet
747 2151 922 2238 Cytherea3

145 2241 345 2328 quadriiugis
368 2242 516 2308 inuectus
541 2241 631 2325 equis
655 2242 704 2306 sol
728 2243 841 2327 igneus
867 2241 972 2306 ambit
1097 2255 1113 2305 5

145 2335 279 2414 quartus
303 2333 338 2394 et
359 2330 528 2395 aethereas
551 2333 670 2414 metas3
695 2352 792 2414 quem
816 2330 930 2396 deinde
953 2350 1092 2414 superne

145 2418 282 2503 despicit
305 2419 520 2502 armipotenn
544 2422 653 2483 sextus
676 2417 914 2486 Phaethontius
938 2419 1035 2484 ardor

145 2507 281 2591 suspicit
305 2506 467 2572 excelsum
487 2508 632 2572 brumali
654 2507 776 2593 frigore
800 2508 903 2592 sidus3

145 2596 360 2680 plectricanae
384 2594 528 2661 citharae
552 2599 676 2679 septem
701 2596 940 2662 discriminibus
965 2617 1046 2681 quos

146 2684 331 2750 assimilans
355 2683 486 2768 genitor
508 2684 660 2750 concordi
683 2686 829 2750 examina
852 2685 968 2750 iunxit.
1081 2699 1115 2749 10

102 2928 273 2986 asimilibnr
291 2928 348 2982 suis
367 2929 576 2997 comprehendi.
595 2928 672 2996 qnod
690 2927 778 2982 etiarn
789 2926 975 2996 Empedocles
994 2942 1115 2996 sequens

103 2999 144 3056 ait
165 3000 195 3053 in
220 2999 277 3054 suia
299 2998 427 3054 uorsibus
441 2999 451 3068 l
466 3005 570 3054 11-18
591 2999 682 3055 Obolc.
703 3013 725 3054 c.
746 3003 796 3052 195
814 2996 1001 3068 Empedocles
1019 2999 1116 3053 tamen

103 3069 292 3141 Pythagoram
307 3072 419 3126 secutus
437 3069 478 3125 ait
498 3086 545 3124 aas
564 3071 698 3139 (animos)
714 3085 770 3123 non
788 3071 919 3123 naturam
932 3068 1017 3123 modo
1035 3084 1115 3138 agre·

107 3143 176 3198 stem
194 3139 301 3210 sortiri,
321 3141 372 3195 sed
390 3139 477 3197 etiarn
494 3140 599 3197 formas
617 3140 724 3208 nanas,
747 3155 811 3194 cnm
829 3139 872 3194 ita
889 3137 960 3194 dicit
977 3167 1011 3180 -
1032 3141 1114 3194 ..ut

12 3270 16 3274 ,
103 3213 162 3284 ipse
185 3210 250 3267 aliis
273 3213 395 3267 testatur
417 3213 556 3280 uersibus,
580 3210 684 3280 quibus
707 3209 844 3265 abstineri
867 3209 997 3279 oportere
1020 3211 1117 3265 censet

106 3280 273 3340 animalibus
287 3283 406 3338 -item
424 3283 482 3338 alio
500 3283 586 3352 loool
602 3288 635 3336 14
651 3281 744 3338 Oboda.
759 3297 781 3337 c.
797 3285 847 3334 181
862 3281 940 3351 apud
953 3278 1117 3352 Euripidem

108 3355 204 3410 contra
225 3353 255 3408 in
273 3354 390 3409 Medeae
412 3356 506 3408 mente
530 3354 610 3408 salua
632 3350 778 3408 necandis
803 3350 921 3406 rationis
944 3351 1041 3406 lumen
1069 3368 1115 3406 ex·

106 3425 238 3491 finxeram
265 3425 307 3480 ait
325 3425 424 3495 enimn
440 3431 471 3479 lo
492 3423 585 3480 Chalc.
604 3441 627 3480 c.
647 3430 679 3480 '11
701 3422 839 3480 consentit
856 3421 901 3478 his
924 3425 969 3490 (de
984 3423 1066 3494 plor

106 3495 263 3552 Alexander
280 3494 408 3552 Milesius
427 3495 469 3551 ita
487 3495 591 3551 dicens.
