2470 3898
466 82 683 141 PRAEFATIO.
1037 84 1082 148 15

76 245 232 330 peratiuus
259 245 370 330 insece,
397 247 567 312 uocatiuus
595 247 672 329 filie,
698 250 816 312 neutra
839 247 947 312 omnia
967 246 1084 328 funerei

71 334 194 415 pedae,
225 355 324 420 porro
352 336 460 415 amal,
491 335 633 414 Roneis,
660 335 776 401 Potius
805 339 838 400 et
860 358 941 422 prae
965 337 1084 401 ceteris

75 423 200 488 uoculae
227 444 303 489 cum
329 443 387 505 pue
413 425 612 507 compositae
639 425 735 507 aare
757 426 854 507 deque'
880 425 977 508 iepuc'
995 445 1083 511 aare

75 513 134 592 que'
152 513 248 595 eroquet
269 510 409 600 Μαάθ.
454 513 538 591 nihil
567 513 621 578 hie
653 513 771 578 iuuant
798 536 903 598 pauca
933 514 1083 599 exempla

74 621 114 663 ex
139 601 278 666 sortibus
302 605 335 664 et
365 601 497 667 comicis
522 624 541 666 a
567 601 767 667 Buechelero
791 603 902 667 adlata
926 600 979 688 (de
1003 602 1083 667 decl.

72 688 129 753 lat
149 711 176 774 p.
201 687 287 776 19¹),
317 691 438 774 quippe
460 690 495 754 in
519 690 637 774 quibus
666 691 814 774 exemplo
838 696 951 756 uatum
976 694 1082 756 satur-

72 777 194 843 niorum
223 779 259 843 in
290 779 356 843 arsi
383 779 499 844 breues
527 779 758 865 producantur.
811 781 912 845 immo
941 801 980 845 ex
1009 779 1084 864 ipsa

71 865 174 931 indole
204 866 302 931 huius
334 869 433 932 metri
463 890 516 934 res
547 868 607 932 illa
639 868 837 952 explicanda.
888 869 975 954 quod
1009 889 1082 932 cum

72 955 235 1040 ascendat,
256 957 447 1041 neutiquam
470 957 578 1022 caueri
600 959 710 1042 potuit
732 979 774 1022 ne
797 962 949 1023 accentus
973 957 1083 1022 metri-

70 1064 125 1108 cus
148 1049 179 1108 et
205 1045 439 1130 grammaticus
466 1045 551 1110 inter
580 1067 615 1109 se
639 1046 863 1112 discordarent
886 1043 917 1133 (e
938 1067 996 1112 uos
1017 1045 1082 1110 La-

68 1134 115 1197 se's
131 1130 264 1220 iuuow);
288 1155 372 1219 quae
393 1134 555 1200 discordia
573 1155 611 1198 eo
631 1135 737 1199 minus
756 1135 889 1220 ingrata
913 1138 994 1220 erat,
1017 1154 1081 1219 quo

69 1220 171 1307 magis
195 1221 302 1290 effecit
324 1225 361 1287 ut
384 1245 515 1288 carmen
537 1222 774 1288 discerneretur
796 1247 816 1287 a
840 1245 990 1287 sermone
1013 1222 1083 1286 uul-

70 1312 142 1395 gari
172 1315 271 1395 atque
298 1311 486 1378 cottidiano.
533 1315 566 1376 et
588 1311 664 1376 inde
691 1336 710 1379 a
734 1311 849 1397 primis
872 1311 977 1377 initiis
1003 1311 1082 1376 adeo

67 1399 199 1484 propria
226 1398 324 1465 huius
351 1422 467 1466 uersus
494 1401 714 1486 repugnantia
740 1401 864 1466 ictuum
893 1401 1083 1486 putabatur,

66 1491 103 1552 ut
126 1488 196 1552 sine
218 1488 282 1554 hac
304 1489 453 1574 legitimo
477 1493 596 1554 ornatu
620 1511 728 1555 carere
753 1511 885 1556 carmen
908 1490 1082 1554 uideretur.

66 1598 168 1662 neque
196 1577 342 1642 dubitari
369 1581 498 1663 potest,
531 1580 610 1663 quin
637 1579 676 1644 de
698 1579 860 1644 industria
884 1579 1081 1644 discordiam

65 1665 159 1731 illam
182 1667 404 1751 quaesiuerint
426 1670 518 1733 uates
540 1667 665 1732 Faunii.
711 1667 807 1733 multi
830 1663 892 1754 (ex.
916 1689 964 1754 gr.
988 1665 1082 1732 (lors-

67 1775 160 1820 senus
191 1755 231 1818 de
257 1759 409 1840 pronunt.
436 1753 485 1820 Π2
511 1780 542 1842 p.
573 1753 655 1842 955)
686 1757 852 1820 contulere
885 1754 971 1839 Scip.
998 1754 1032 1820 H
1059 1754 1082 1818 4

64 1844 167 1910 consol
189 1843 295 1909 censor
316 1845 435 1930 nidulis,
462 1844 520 1910 ubi
546 1845 697 1931 ponendo
720 1845 829 1910 uidetis
851 1865 956 1910 censor
978 1842 1083 1910 consol

63 1932 221 1997 facillime
229 1934 344 2019 posset
358 1933 484 1999 seruari
497 1937 535 1998 ut
552 1935 658 1999 iustus
674 1933 752 1998 ordo
768 1933 1021 2018 magistratuum
1035 1933 1083 1997 ita

63 2021 227 2086 naturalis
251 2025 412 2087 accentus.
458 2025 602 2087 ceterum
626 2043 705 2086 ceue
727 2025 838 2106 putes,
862 2043 1013 2106 semper
1035 2020 1082 2086 sic

64 2111 211 2194 coepisse
238 2131 352 2175 uersus
382 2109 554 2176 Saturnios
584 2109 667 2198 (siue
691 2111 816 2176 duobus
840 2109 1010 2175 uocabulis
1033 2110 1081 2174 ai·

63 2200 137 2264 reim
159 2198 241 2264 milri
262 2200 332 2264 siue
355 2221 420 2264 uno
443 2195 642 2285 reconciliet:
665 2199 772 2284 legem
796 2197 959 2283 quandam
984 2195 1083 2263 stabi-

63 2288 131 2352 lem
150 2290 336 2372 certamque
354 2287 428 2372 ipsa
446 2310 528 2373 quae
548 2288 595 2354 sic
614 2287 819 2354 exoriebatur
836 2287 969 2352 iteratio
993 2285 1083 2353 omni

62 2375 224 2441 uarietate
251 2397 366 2441 carens
395 2378 545 2443 exclusit:
578 2377 617 2442 de
644 2377 761 2462 regula
789 2375 931 2462 quadam
963 2377 1083 2443 solum-

62 2465 163 2530 modo
183 2465 274 2549 loqui
290 2465 376 2531 licet.
421 2466 479 2530 sed
496 2466 560 2532 hoc
579 2465 723 2531 studium
745 2467 780 2530 in
803 2471 955 2532 accentus
979 2466 1083 2531 diuer-

62 2555 163 2619 sitate
176 2553 320 2638 positum
334 2556 443 2640 ipsum
457 2576 495 2620 eo
517 2555 658 2639 deduxit,
681 2557 718 2619 ut
737 2555 884 2640 syllabae
901 2555 965 2621 hoc
984 2554 1081 2620 modo

62 2643 209 2708 sermoni
232 2643 410 2709 cottidiano
434 2647 604 2729 exemptae
628 2643 741 2709 eadem
770 2644 835 2709 arsi
858 2643 959 2709 etiam
983 2663 1082 2726 supra

61 2733 210 2817 priorem
231 2735 355 2797 statum
372 2733 543 2800 breuitatis
557 2736 726 2818 tamquam
750 2733 998 2798 extollerentur:
1022 2731 1082 2796 de-

62 2824 195 2886 sertus
220 2822 491 2887 cumconsilio
516 2825 699 2887 accentus
723 2821 1004 2906 grammaticus
1027 2820 1081 2885 ic-

61 2914 145 2974 tum
178 2909 381 2976 metricum
418 2910 588 2976 reddidit
624 2909 896 2995 productionis
929 2910 969 2974 in
1002 2909 1082 2973 ersi

137 3101 165 3170 *)
182 3100 250 3157 hinc
267 3102 403 3158 nonnulla
422 3103 526 3159 rectius
540 3103 659 3174 possunt
677 3100 821 3158 constitui.
856 3100 887 3155 in
904 3099 979 3154 Liuii
997 3116 1083 3154 uersu

62 3175 151 3245 uulgo
175 3173 315 3228 scandunt
335 3175 486 3245 ibidemque
508 3177 556 3230 alr
577 3177 697 3230 semmua
722 3173 866 3243 adprimus
886 3171 1034 3228 Pulrdclae
1053 3173 1083 3226 et

63 3247 94 3300 in
112 3245 206 3316 priore
224 3245 306 3315 parte
325 3246 419 3301 thesin
437 3262 498 3301 esse
518 3261 697 3316 suppressam
714 3245 825 3314 putant.
864 3243 914 3297 sed
932 3243 963 3297 in
980 3243 1083 3298 ibidem

63 3317 189 3372 mediam
208 3317 318 3387 corripi,
337 3333 394 3373 non
413 3333 571 3386 concoquo,
589 3315 730 3385 siquidem
748 3315 874 3371 Naeuius
893 3312 964 3369 alibi
982 3315 1082 3370 ibidem

64 3387 154 3443 habet
172 3387 216 3456 (ut
232 3387 398 3458 plerumque
416 3387 534 3444 Plautus
558 3389 687 3458 quoque).
725 3385 799 3440 unde
822 3386 913 3440 iustus
933 3384 966 3439 fit
984 3399 1082 3440 uersus

65 3459 188 3530 legendo
206 3459 359 3530 rudemque
374 3461 422 3516 uir
438 3461 567 3516 sommus.
