2488 3882
168 124 233 190 258
596 122 625 177 0.
644 121 765 176 LUCILI

97 296 152 354 877
212 337 230 347 .
249 317 294 346 ou
311 336 330 345 -
347 316 393 344 υυ
410 335 428 345 .
445 315 464 344 υ
486 284 638 368 sepultum
660 288 766 349 morte
789 305 952 368 meroque.

97 439 154 496 878
212 479 231 489 -
248 459 293 486 vv
311 477 329 486 -
346 456 392 486 υυ
408 476 427 485 -
449 425 558 510 pergit
581 425 733 509 capulare
757 425 904 492 cadauer.

98 581 155 637 878
212 599 427 632 .υυ-υυ-
445 598 526 627 υυ-
550 567 694 633 aerarius
717 588 859 652 mergus.

97 722 155 779 880
212 705 294 772 ,oo
310 761 328 772 .
345 740 391 770 oo
408 759 426 769 .
443 739 489 769 υυ
510 707 591 774 facti
614 708 776 792 suppudet
799 711 873 774 atri.

97 864 153 920 881
213 853 322 918 scinde
345 852 451 917 calam
473 855 510 916 ut
533 850 640 915 celeus
662 880 940 911 υυ-υυ-υυ-
958 903 976 912 -

97 1005 154 1061 888
213 1016 313 1079 quare
337 993 378 1058 da
401 997 435 1058 te
457 993 597 1059 homini:
621 993 871 1077 complectetur,
895 992 976 1058 mihi
998 994 1096 1059 crede.

98 1147 155 1203 888
212 1187 230 1196 -
247 1168 293 1195 υυ
309 1185 328 1196 -
350 1136 431 1201 haec
454 1156 537 1220 quse
559 1131 717 1199 refricant
739 1133 793 1199 hic
815 1156 867 1199 me
891 1136 999 1221 magis
1017 1137 1149 1221 angunt.

96 1289 154 1346 884
212 1278 425 1364 terrigenam,
447 1276 691 1361 herbigradam,
715 1275 951 1362 domiportam,
975 1277 1128 1363 sunguine

756 1386 892 1431 cassam.

97 1519 154 1576 885
212 1559 230 1569 -
247 1539 293 1567 vu
309 1558 328 1567 -
351 1507 442 1573 cuius
465 1529 532 1572 non
555 1506 680 1572 audebo
705 1507 811 1572 dicere
832 1507 974 1572 nomen?

213 1597 290 1682 quid
312 1595 426 1681 refert,
450 1595 544 1661 dictis
568 1596 719 1681 ignoscet
741 1594 870 1660 Mucius
894 1618 937 1661 en
958 1597 1048 1662 non?

96 1748 154 1804 888
211 1737 550 1824 -1880881080109.
567 1788 585 1798 .
602 1768 648 1797 uu
665 1787 684 1797 -
701 1767 747 1796 υυ
764 1786 782 1796 .
799 1787 818 1796 -

239 2009 288 2057 877
307 2003 408 2058 Festus
426 2007 478 2058 840
501 2033 535 2041 -
559 2019 622 2056 cum
647 1999 689 2054 ait
710 1998 886 2074 <Lucilius>3
911 2003 952 2056 810
974 2002 1175 2072 8081880018

167 2075 257 2131 otztter
284 2075 424 2144 suppleuit
452 2071 654 2128 OOMuetlcrus
683 2073 687 2140 Ι
715 2088 849 2141 meroque
878 2071 1014 2143 Sculiyrr:
1050 2085 1177 2150 moroque
1224 2067 1225 2129 l

167 2147 224 2204 cod.
247 2148 257 2216 ΙΙ
280 2144 596 2214 878Ε818081188584,
617 2149 649 2197 11
675 2143 835 2212 capularem
850 2185 879 2198 ..
899 2160 996 2198 senem
1017 2143 1077 2198 iam
1099 2145 1179 2198 morti

167 2217 344 2286 contiguum
373 2217 422 2270 sed
450 2219 479 2269 et
501 2231 563 2269 reos
586 2215 730 2284 copulares
749 2212 895 2283 dicebant,
914 2215 964 2283 qui
982 2215 1084 2284 capulo
1103 2211 1177 2283 digni

166 2288 271 2356 forent3
295 2289 368 2342 unde
388 2291 417 2341 et
434 2285 558 2340 Lucilius
578 2285 691 2357 [Lucius
714 2285 953 2357 808881110888.]
980 2289 990 2356 ΙΙ
1017 2290 1069 2340 878
1089 2286 1178 2341 Iulius
1223 2321 1224 2324 ¹

168 2358 343 2428 0888011880
374 2359 435 2412 ritu
467 2357 624 2412 Pertinacia
656 2362 671 2409 9
704 2355 824 2425 denique
857 2372 892 2410 ex
922 2373 1007 2411 uersu
1035 2356 1178 2412 Luciliano

166 2429 276 2500 [niano
296 2428 384 2498 0888]
401 2459 435 2468 -
452 2430 496 2484 est
514 2427 673 2498 appellatus
690 2430 694 2495 1
711 2428 835 2482 aerarius
854 2427 1010 2483 Salmasius
1027 2429 1077 2497 (cs.
1094 2426 1176 2482 01101-

166 2501 239 2554 terres
257 2498 475 2554 Fractarum.
497 2505 560 2566 188,
586 2501 662 2567 878);
690 2498 799 2568 gratius
822 2499 899 2554 codd.
925 2499 1052 2569 agrariae
1071 2500 1154 2568 88190
1169 2495 1178 2564 l
1222 2523 1223 2536 ¹

166 2570 315 2626 88800101.
333 2568 430 2626 Veron.
448 2572 487 2626 88
504 2570 573 2626 Aen.
592 2569 633 2624 IX
651 2575 703 2624 378
722 2568 773 2623 sub
792 2585 844 2638 pro
862 2586 964 2638 parum
983 2570 1105 2640 ponitur.
1131 2569 1179 2622 Lu·

166 2639 247 2694 cilius
273 2643 277 2709 Ι
302 2639 358 2694 atri
384 2643 496 2710 scripsir
530 2644 562 2695 ut
589 2640 619 2694 di
647 2643 704 2696 cod.
732 2641 881 2696 secuudum
908 2640 1146 2696 AHcrrmurmum
1171 2639 1179 2706 t

165 2718 215 2766 881
235 2710 313 2767 Seru.
332 2712 369 2767 ad
387 2714 456 2769 Aea.
475 2712 515 2767 VI
534 2717 548 2766 1
569 2713 645 2766 cales
660 2753 667 2767 .
682 2753 688 2766 .
704 2711 838 2766 dicebant
855 2712 976 2766 maiores
990 2712 1082 2767 nostri
1095 2711 1177 2766 fustes
1221 2723 1222 2741 ¹

166 2783 284 2840 ..sicut
301 2782 425 2837 Lucilius
445 2813 479 2824 -
497 2782 516 2838 i.
536 2799 560 2836 e.
580 2799 596 2836 o
614 2800 685 2852 puer
702 2782 800 2853 frange
828 2782 915 2838 fustes
941 2784 971 2837 et
993 2781 1039 2838 180
1061 2779 1175 2848 focum!

164 2855 198 2909 ut
216 2854 309 2909 calcas
328 2859 382 2909 nl:
406 2853 454 2908 uel
477 2853 598 2907 cadasc
623 2853 670 2908 uel
694 2854 771 2908 celas
794 2849 1177 2924 811888010881888

165 2931 191 2994 8,
210 2931 225 2980 8
246 2925 337 2981 ciuem
356 2941 370 2978 e
407 2925 500 2994 egium
520 2939 581 2978 esse
600 2924 766 2994 Pompeium
784 2927 813 2980 et
832 2924 868 2978 ad
887 2924 983 2979 omnia
998 2966 1025 2979 ..
1042 2926 1176 2995 paratum.

165 3014 252 3066 quare
273 3013 337 3067 cqs.;
410 2997 474 3050 cilio
492 2996 557 3050 bueo
574 2996 650 3050 dedit
670 2993 790 3050 Orellius
814 2998 824 3065 1
847 3001 898 3050 888
917 2994 974 3051 010.
994 2997 1033 3051 ud
1050 2999 1109 3053 Att.
1129 2995 1173 3049 XII

164 3073 208 3136 45,
223 3074 239 3121 8
258 3085 326 3123 nam
345 3065 490 3135 ceteroqui
508 3062 680 3134 ἅνεκτότερα
695 3068 775 3121 erant
789 3068 923 3121 Asturae:
942 3083 1017 3120 nunc
1030 3069 1102 3122 haec
1116 3084 1175 3138 equ-3

165 3139 271 3194 hrcilii
289 3154 343 3194 esse
361 3139 426 3193 bueo
439 3142 525 3207 putat
538 3137 660 3192 Euctus
673 3140 683 3207 ΙΙ
697 3142 747 3190 884
764 3136 821 3193 cu.
840 3139 872 3193 80
890 3138 949 3193 dia.
969 3138 996 3191 11
1014 3144 1058 3206 84,
1080 3144 1130 3193 183
1149 3139 1174 3191 ut

165 3208 252 3275 siquis
271 3209 398 3263 medicus
427 3211 543 3278 aegroto
570 3207 692 3278 imperet
719 3210 752 3263 ut
780 3210 885 3275 sumat3
913 3225 1024 3263 8000888
1052 3209 1174 3264 attribuit

159 3283 258 3356 poetae
275 3285 370 3334 rostro
390 3279 521 3346 Uorpetus
547 3281 557 3348 ΙΙ
585 3285 636 3333 885
656 3281 757 3334 quen.
780 3288 803 3347 1,
823 3285 873 3334 151
894 3280 968 3334 unde
985 3277 1039 3335 illa
1057 3281 1173 3350 priorum
1214 3265 1219 3351 1

166 3346 308 3400 sonbendi
323 3387 346 3402 ..
363 3347 547 3417 simplicitas?
567 3349 646 3403 cuius
660 3367 726 3419 eorm
742 3351 852 3406 Lucilio
866 3351 941 3407 dedit
954 3350 1055 3406 Doasu
1071 3357 1076 3416 Ι
1091 3352 1173 3406 audeo

166 3417 277 3481 18808,
296 3415 438 3470 Lutatium
457 3418 566 3474 audebo
585 3422 725 3490 empsisse
740 3423 847 3476 monuit
861 3421 1013 3477 Muellerus
1027 3424 1037 3492 11
1051 3428 1104 3477 888
1118 3424 1175 3479 Pu-
1217 3467 1218 3488 ,

163 3485 245 3539 dctus
263 3489 306 3552 55,
325 3489 359 3538 85
374 3483 411 3540 D.
435 3486 564 3542 iuuenale
586 3489 675 3558 pheos
701 3490 816 3562 [pharos
836 3493 939 3564 codd.]:
962 3509 1075 3564 semper
1092 3494 1176 3550 uirens
1217 3491 1218 3555 l
