2494 3888
364 129 403 184 IN
423 129 608 186 CAESARES
627 130 813 187 ROMANOS.
1038 131 1101 198 381

133 293 278 383 (eentum
301 316 378 358 nem
401 293 555 359 moechos
579 316 677 379 passe
700 297 750 359 est
772 297 966 379 centumque

674 380 835 469 rogauit),

85 490 104 539 5
135 473 206 558 ipse
230 473 328 536 etiam
352 471 464 536 eeluus
489 471 642 537 moechus
665 470 743 554 fuit,
765 470 841 535 inde
863 473 1013 538 meritus:

135 583 175 626 en
197 561 290 645 Pius,
313 581 352 624 en
375 559 518 644 Marcus,
541 558 646 624 Verus
670 582 745 626 nem
767 561 920 626 nonfuit
943 561 1007 625 ille.

156 755 286 838 Capitol.
307 777 339 819 u.
361 755 504 820 Macrini
532 759 561 838 7,
585 760 623 820 7:
652 777 766 820 uersus
797 759 909 821 extant
937 755 1105 821 cuiusdam
1120 765 1158 822 10

87 848 217 930 poetae,
241 843 359 928 quibus
383 844 576 927 ostenditur,
599 843 760 909 Antonini
777 866 896 910 nomen
919 843 1065 929 coepisse
1084 867 1105 908 a

87 932 150 999 Pio
173 936 207 997 et
229 931 389 1018 paulatim
412 953 470 1016 per
492 932 678 997 Antoninos
706 955 808 1018 usque
833 932 873 998 ad
896 932 1006 998 sordes
1030 932 1119 997 ulti-¹

86 1043 161 1086 mas
188 1020 390 1106 peruenisse,
418 1019 578 1106 siquidem
606 1021 696 1086 solus
718 1020 848 1087 Marcus
876 1042 995 1086 nomen
1023 1020 1104 1085 illud

88 1114 240 1175 sanctum
262 1109 351 1175 uitae
375 1131 492 1194 genere
520 1109 649 1176 auxisse
676 1110 838 1193 uideatur,
860 1109 966 1175 Verus
994 1112 1104 1174 eutem

87 1199 317 1285 degenerasse,
345 1196 542 1264 Commodus
570 1220 648 1265 uero
677 1199 775 1264 etiem
798 1197 955 1282 polluisse
984 1198 1104 1263 secreti

86 1288 231 1354 nominis
254 1287 480 1352 reuerentiam.

347 1563 389 1619 In
410 1561 651 1620 Alexandrum
674 1563 849 1620 Seuerum.

134 1715 169 1776 te
192 1714 303 1776 menet
325 1710 496 1796 imperium
520 1712 602 1776 eceli
624 1715 793 1796 terraeque
816 1712 983 1794 marisque:
1119 1739 1156 1795 11

180 1803 213 1864 te
237 1803 347 1864 menet
370 1799 556 1885 imperium,
579 1800 664 1885 quod
687 1803 780 1865 tenet
802 1800 982 1884 imperium.

134 1994 310 2060 Pulchrum
335 1994 421 2078 quod
443 1994 535 2060 uides
559 2016 630 2060 esse
652 2000 799 2061 nostrum
823 2015 944 2081 regem,
1120 2024 1157 2079 12

136 2105 233 2169 quem
255 2080 374 2168 Syrum
396 2083 508 2148 tetulit
530 2103 692 2168 propago,
713 2103 831 2167 securer

134 2176 272 2237 uenatus
294 2171 375 2237 feeit
399 2174 432 2236 et
454 2171 548 2255 lepus
572 2194 733 2256 comesus,

63 2343 67 2348 Ι
135 2261 175 2325 de
200 2282 262 2345 quo
287 2259 475 2326 continuum
498 2261 586 2345 capit
608 2261 762 2344 leporem.

89 2507 260 2564 Salmasius:
279 2505 327 2560 sed
345 2505 421 2561 codd.
444 2508 448 2573 Ι
469 2511 485 2560 5
505 2505 602 2560 salbus
621 2507 698 2562 codd.
721 2507 726 2575 Ι
750 2505 817 2560 inde
835 2507 931 2577 culco:
950 2507 1010 2561 inte
1028 2507 1104 2563 codd.

89 2581 169 2648 (ente
187 2591 244 2633 exo.
262 2593 297 2631 m.
313 2579 341 2646 2)
368 2579 377 2648 ΙΙ
406 2581 438 2630 11
462 2578 575 2647 Lampe.
595 2595 623 2632 u.
642 2579 722 2633 Ater.
742 2578 839 2633 Securi
863 2583 896 2631 14
924 2595 986 2632 cum
1009 2580 1105 2633 nutem

89 2647 250 2706 consuleret
268 2646 303 2702 de
326 2647 439 2715 futuris,
460 2647 513 2701 hos
532 2649 673 2718 accepisse
693 2647 796 2703 dicitur
814 2665 912 2703 uersus
931 2648 1024 2704 edhuc
1042 2665 1104 2720 per-

88 2721 188 2790 uulus,
215 2721 244 2773 et
261 2717 383 2790 primum
407 2718 521 2787 quidem
545 2719 668 2774 sortibus
692 2723 736 2788 (=
755 2737 783 2775 u.
805 2722 830 2789 1)
859 2719 1035 2774 intellectum
1062 2722 1106 2775 est

109 2791 167 2846 uod
185 2789 261 2844 inter
274 2788 354 2844 diuos
368 2790 455 2844 etiem
469 2790 618 2857 referetur3
639 2791 676 2858 (u.
691 2792 728 2859 2),
747 2806 850 2859 exque
868 2791 1046 2845 intellectum
1063 2791 1107 2844 est

89 2811 214 2917 domeni
236 2859 319 2915 illum
340 2860 452 2930 imperii
474 2860 630 2930 principem
653 2861 792 2928 futurum,
820 2877 885 2916 nem
910 2861 959 2915 ubi
987 2863 1030 2915 eet
1054 2860 1105 2914 im-

91 2932 203 3004 perium
225 2931 281 2987 nisi
303 2931 380 3000 apud
398 2932 553 2999 Romanos,
581 2931 656 3002 quod
681 2934 760 2987 tenet
785 2932 952 3001 imperium?
980 2933 1009 2986 et
1035 2931 1106 2986 hece

92 3003 208 3073 quidem
222 3003 258 3058 de
272 3003 381 3073 graecis
394 3000 522 3058 uersibus
537 3005 604 3056 sunt
616 3002 729 3073 prodite.
744 3005 749 3072 Ι
767 3009 780 3057 1
795 3003 936 3070 marisque
949 3017 1001 3084 om.
1011 3002 1107 3126 codd&

4 3081 5 3085 ’
91 3081 126 3130 12
144 3073 261 3144 Lampe.
279 3091 308 3129 u.
327 3075 407 3131 Alex.
428 3073 491 3129 Seu.
511 3079 545 3129 88
564 3073 639 3143 quod
657 3073 707 3128 ille
725 3075 851 3143 leporem
870 3073 973 3128 cetidre
987 3072 1092 3140 hebere

90 3147 137 3216 (cs.
153 3151 196 3214 3⁷,
212 3151 228 3201 7
242 3144 368 3216 leporem
383 3145 487 3201 cotidie
501 3143 610 3214 hebuit,
625 3145 803 3200 uenationem
819 3143 1013 3214 frequentem),
1029 3141 1106 3198 iocus

92 3217 222 3286 poeticus
232 3217 355 3286 emersit,
369 3215 476 3272 idcirco
486 3216 564 3285 quod
573 3216 657 3270 multi
671 3220 778 3286 septem
793 3215 890 3271 diebus
903 3215 1106 3285 pulchrescere

91 3288 190 3343 dieunt
203 3303 260 3356 eos,
275 3288 325 3357 qui
338 3289 463 3358 leporem
480 3286 654 3343 comederint
671 3329 678 3345 .
694 3330 699 3343 .
714 3289 800 3358 poete
819 3331 825 3343 .
840 3329 847 3342 .
871 3289 1029 3356 temporum
1041 3287 1106 3342 Ale·

90 3359 192 3414 xendri
208 3358 280 3414 heec
293 3360 323 3412 in
337 3375 400 3413 eum
416 3357 488 3414 dixit
503 3365 508 3425 Ι
524 3365 540 3414 2
560 3373 644 3428 quem
662 3360 702 3415 ed.
717 3376 777 3429 pu:
796 3358 872 3428 quod
885 3359 961 3414 codd.
982 3359 1007 3428 (c
1019 3375 1046 3415 u.
1061 3357 1105 3429 1)Ι

91 3429 190 3486 tetulit
208 3429 335 3485 Paterae:
355 3429 457 3486 detulit
475 3431 551 3487 codd.
569 3435 573 3499 Ι
589 3446 700 3500 semper
718 3434 790 3498 (cum
808 3445 935 3486 comesus
953 3431 1107 3500 cohaerens)

91 3501 330 3571 addidittieeit
347 3504 388 3555 BP
404 3501 408 3574 Ι
425 3508 442 3556 4
460 3501 588 3572 dedequo
606 3504 626 3555 B
644 3519 679 3556 m.
696 3507 711 3557 1
729 3505 750 3554 Ρ
767 3517 823 3558 coc.
