2498 3880
202 139 267 204 206
626 139 655 194 O.
674 138 796 196 LUCILI

130 309 188 366 458
246 329 263 363 r
281 335 300 362 υ
318 353 336 362 -
353 335 373 361 υ
394 306 445 383 rit,
469 301 498 366 si
520 301 659 366 eluuiem
681 301 787 368 ficere
811 323 870 386 per
892 303 1042 367 uenerem
1064 301 1148 366 uelis

247 396 405 479 guttaque
429 391 580 458 omnibus
604 390 745 456 distento
769 392 904 476 cdrpore
928 390 1073 475 exspire‘t
1093 391 1167 455 uiis.

129 540 188 596 459
246 531 365 598 e'uadat
388 533 505 598 saltem
528 533 653 618 aliquid
674 533 854 616 aliquando·
868 533 992 617 siliqua,
1016 533 1101 617 quod

788 623 924 688 conitus
948 644 1030 686 sum.

128 771 187 828 466
266 763 418 848 Porphpr.
441 765 485 830 ud
505 763 586 829 Hor.
608 770 666 830 sot.
689 764 782 850 110,
805 767 862 830 51:
895 763 975 830 ordo
1004 767 1067 829 est:
1098 762 1209 848 tragici

199 851 280 918 Acci
306 853 390 918 nihil
418 856 525 918 mutat
551 852 720 918 Lucilius?
744 903 775 918 ..
799 853 902 918 comis
933 856 1044 918 autem
1070 851 1205 916 Lucilius

199 945 334 1027 propter
357 941 579 1007 urbanitatem
602 942 734 1022 dicitur,
762 946 796 1006 et
819 941 949 1006 ‘mutat’
978 963 1039 1027 pro
1067 963 1103 1006 eo
1127 938 1206 1025 quod

200 1034 251 1095 est
283 1029 456 1095 ‘emendat'
489 1030 633 1116 positum
665 1036 725 1098 est.
765 1031 845 1096 facit
872 1031 905 1094 id
933 1034 1044 1095 autem
1071 1028 1206 1095 Lucilius

200 1141 274 1184 cum
297 1120 391 1203 aliar,
414 1124 485 1185 tum
508 1121 561 1184 uel
584 1119 722 1185 maxime
750 1121 786 1184 in
812 1119 913 1184 tertio
937 1119 1116 1203 <librorum
1144 1139 1206 1183 cor-

199 1230 287 1293 pore.
325 1208 381 1273 red
404 1209 516 1292 etin>
539 1208 623 1274 libro
648 1209 797 1274 meminit
818 1207 917 1273 VHII
941 1213 975 1274 et
998 1207 1039 1274 X.

128 1358 184 1416 461
265 1349 396 1416 Seruius
414 1352 458 1416 ad
473 1351 552 1416 Aca.
565 1349 626 1416 XI
639 1356 701 1418 601
718 1354 798 1415 tum
817 1351 898 1415 late
916 1349 1068 1414 ferreus
1086 1346 1206 1412 hastis

199 1439 334 1504 horret
353 1461 458 1526 ager:
483 1444 533 1505 est
551 1461 666 1505 uersus
685 1436 855 1504 Ennianus
876 1439 1003 1522 [fragm.
1021 1441 1108 1518 ridell,
1132 1436 1206 1500 uitu-

198 1531 331 1613 peratus
355 1550 373 1592 a
392 1527 518 1593 Lucilio
538 1528 663 1594 dicente
686 1550 745 1613 per
763 1527 954 1593 inrisionem
973 1549 1047 1592 eum
1065 1526 1206 1591 debuisse

200 1616 304 1681 dicere
329 1615 452 1683 ‘horret
471 1621 504 1682 et
524 1615 634 1703 alget,
652 1617 738 1681 unde
756 1615 914 1681 Horatius
936 1617 976 1681 de
995 1615 1116 1681 Lucilio
1138 1613 1205 1677 ‘non

199 1705 284 1770 ridet
306 1726 420 1770 uersus
444 1706 534 1771 Enni
558 1706 722 1792 grauitate
744 1704 920 1770 minoresl’

127 1855 184 1912 462
242 1845 307 1913 nisi
330 1851 483 1933 portenta
506 1845 685 1934 anguisque
709 1847 850 1913 uolueris
875 1848 912 1912 aie
935 1847 1090 1931 pinnatos

786 1933 939 2001 scrssritis.

126 2089 184 2145 466
243 2077 374 2165 quidnei
397 2083 434 2145 tu
458 2079 543 2144 idem
567 2077 783 2145 inlitteratum
807 2100 858 2144 me
882 2079 980 2162 itque
1004 2077 1139 2144 idiotam

785 2166 931 2234 diceres?
1221 2239 1231 2326 4

268 2384 317 2432 cre
340 2379 413 2435 Noc.
434 2385 482 2448 ee,
500 2385 535 2434 aa
559 2377 701 2450 exspirare
725 2418 758 2433 ..
782 2377 857 2433 idem
875 2377 979 2444 xxm
1007 2377 1203 2444 66661666
1230 2339 1231 2396 l

196 2449 317 2504 eluuiem
345 2451 551 2520 purgationem.
578 2450 608 2504 L.
631 2450 680 2505 lib.
699 2448 791 2504 XXVI
809 2452 859 2519 (=
883 2453 913 2520 1)
938 2447 943 2521 Ι
971 2455 986 2502 1
1010 2448 1035 2503 si
1062 2465 1113 2505 om.
1136 2445 1201 2504 codd.
1229 2483 1230 2524 t

195 2536 222 2589 p.
244 2526 294 2574 103
321 2526 325 2588 Ι
350 2519 470 2577 eleuiern
493 2527 519 2577 et
536 2537 623 2592 porro
646 2522 762 2576 uentum
785 2522 861 2578 codd.
881 2537 913 2590 p.
929 2526 979 2576 103
1005 2523 1009 2591 Ι
1035 2525 1051 2574 2
1075 2521 1201 2590 guttaque
1229 2527 1230 2568 i

195 2592 307 2717 666
329 2590 1056 2732 66666’6666666666
1082 2602 1201 2718 eruc
1229 2573 1230 2631 l

211 2700 220 2716 ι
301 2706 308 2718 .
560 2686 566 2719 =
727 2705 733 2716 ·
926 2707 933 2720 .
1010 2704 1017 2729 2
1195 2697 1200 2724 ι

196 2733 271 2789 exire
293 2733 408 2788 tendere
428 2774 456 2790 ..
476 2732 504 2788 L.
529 2734 577 2790 lib.
601 2733 692 2788 XXVI
716 2733 722 2806 Ι
747 2733 898 2802 aliquando
925 2735 1037 2790 addidit
1064 2732 1201 2790 Stowurser
1228 2785 1229 2790 ,

195 2804 417 2887 (6666661116666
440 2803 617 2887 6116666666
643 2809 698 2860 460
721 2806 754 2860 iri
775 2805 977 2878 Porphyrionis
1003 2806 1097 2860 uerbis
1125 2799 1200 2860 adteri
1227 2795 1229 2872 l

194 2875 267 2931 illud
285 2874 422 2930 lrbrorum
436 2893 460 2932 o.
475 2877 524 2931 sed
543 2879 572 2932 et
589 2895 627 2945 m,
646 2893 707 2932 cum
718 2877 803 2946 plane
815 2876 852 2931 eit
865 2877 1026 2933 incredibile
1039 2877 1201 2952 6616666666
1223 2895 1228 2924 i

194 2952 252 3002 tom
278 2952 438 3003 aunuatim
464 2948 497 3003 in
524 2948 604 3004 libris
621 2947 674 3002 IX
695 2953 720 3002 et
745 2947 777 3001 X
800 2947 921 3003 mnieim
942 2965 1003 3002 eam
1025 2948 1142 3016 librum,
1162 2959 1201 3014 ⁹¹⁸¹
1223 2979 1228 3017 1

189 3020 373 3090 praesciens
391 3019 599 3090 custipatioocm
616 3023 775 3089 poetarum,
800 3021 919 3074 66666666
940 3019 1111 3089 trapicorum
1133 3013 1200 3074 mni
1227 3037 1228 3056 1

194 3087 1199 3232 accucurri-ututtristissumum
1227 3099 1228 3104 i

195 3233 277 3288 Enni
293 3234 418 3289 66666666
434 3179 521 3304 precum
537 3231 690 3300 Lucilium,
708 3249 874 3303 6666666666
890 3202 969 3300 saliet
990 3248 1050 3287 mea
1067 3230 1199 3294 emmor,
1226 3265 1227 3288 t

195 3319 251 3372 666
268 3305 300 3358 in
317 3305 367 3359 hoc
385 3306 456 3361 libro
476 3305 575 3376 Quinti
597 3320 714 3360 6666666
732 3305 820 3361 locum
837 3304 949 3373 tabuit,
972 3309 1064 3359 tumen
1086 3309 1113 3360 rt
1130 3306 1197 3360 6666·

195 3379 292 3429 metros
310 3378 335 3428 et
354 3376 414 3430 alia
435 3381 525 3432 metra
547 3378 687 3431 contextui
713 3377 759 3431 aui
785 3376 932 3430 imeruirre
958 3391 1025 3431 6666
1083 3379 1134 3431 teet
1151 3373 1194 3436 Ll

194 3450 248 3499 cca
275 3443 350 3500 Non.
380 3451 439 3514 191,
461 3453 495 3501 14
522 3445 622 3529 unguis
649 3446 803 3501 macelino
828 3488 834 3501 .
857 3491 863 3502 .
887 3445 916 3502 L.
940 3446 989 3501 lib.
1062 3446 1114 3514 Vh
1142 3445 1197 3502 6666

195 3522 256 3584 466,
276 3521 292 3570 6
311 3517 444 3585 portentu
462 3559 468 3572 .
485 3558 491 3571 .
510 3517 540 3572 L.
554 3519 604 3574 nb.
619 3516 710 3572 XXVI
729 3518 789 3587 (cti
802 3517 931 3574 uolucres
946 3519 1033 3587 codd.)
1048 3520 1124 3588 l4⁰⁸
1137 3515 1196 3574 Nu·
1225 3552 1226 3577 t
