2470 3898
141 113 184 179 32
583 109 714 165 nunna

143 297 227 360 caro,
250 278 287 340 ut
310 276 345 340 in
368 276 509 342 carmine
534 273 699 341 Saliorum
723 276 781 357 est,
804 271 890 358 quod
913 270 948 334 in
971 269 1056 336 extis
1080 269 1160 335 dioi-

142 369 195 430 tur
217 385 302 430 nunc
325 368 519 448 prosectum.

91 503 130 559 1⁰
210 507 348 573 Moerob.
376 507 401 572 I
424 511 539 591 9,14:
568 503 733 571 Saliorum
763 525 890 588 quoque
919 500 1159 586 antiquissimis

143 595 340 661 carminibus
374 595 528 661 deorum
561 594 653 659 deus
681 594 812 676 ¹canitur
842 592 979 673 [lanus]
1012 627 1052 637 -
1084 591 1159 656 ibid.

142 688 200 750 15:
223 685 258 748 in
282 685 383 750 sacris
407 706 535 768 quoque
558 683 747 748 inuooamus
765 679 882 746 Ianum
900 678 1084 763 Geminum,
1108 678 1158 743 Ia-

143 796 221 839 num
244 773 386 857 Patrem,
409 773 523 837 Ianum
541 770 723 853 Iunonium,
746 769 862 835 Ianum
886 765 1086 851 Consiuium,
1109 769 1160 834 Ia-

143 884 220 927 num
244 859 430 946 Quirinum,
451 860 567 926 Ianum
589 860 773 926 Patulcium
796 862 829 923 et
852 855 1034 923 Clusiuium
1057 856 1110 937 [of.
1132 863 1162 923 et

143 949 211 1016 Iole.
234 949 313 1034 Isyd.
336 951 373 1015 do
395 970 489 1016 oreas,
511 950 569 1015 IV
587 955 626 1014 1:
654 944 867 1014 Πατούλκιον
895 945 951 1011 καὶ
974 943 1160 1032 Κλούσιον,

146 1037 236 1105 Ouid.
257 1039 330 1120 fast.
353 1039 378 1104 I
397 1041 483 1120 129}

93 1175 129 1231 11
211 1181 393 1246 Macrobius
414 1179 510 1259 115,
534 1185 592 1245 14:
623 1202 695 1244 cum
718 1178 831 1244 Iouem
854 1179 1051 1262 accipiamus
1074 1179 1159 1245 lucis

145 1273 326 1423 augtlffiem,
358 1268 443 1334 unde
477 1272 509 1334 at
541 1269 743 1410 liucetium
778 1265 861 1332 Salii
892 1268 927 1331 in
959 1267 1160 1332 carminibus

94 1493 130 1550 11
214 1500 425 1565 Tertullianus
442 1500 521 1581 carol.
541 1505 599 1565 10:
622 1499 763 1582 Italiam,
785 1499 821 1562 in
844 1520 907 1582 qua
931 1496 1090 1564 Saturnus
1117 1537 1162 1544 —

146 1592 298 1672 exceptus
323 1587 363 1652 ab
386 1586 467 1652 Iano
490 1587 543 1651 uel
566 1586 674 1672 Iane,
697 1590 734 1652 ut
758 1586 840 1653 Salii
862 1588 984 1653 uolunt

94 1724 132 1780 11
218 1728 322 1794 Velius
344 1729 470 1812 Longius
485 1750 520 1812 p.
538 1731 587 1810 51,
606 1734 626 1794 6
643 1729 686 1796 K.
705 1731 742 1795 olo
758 1730 791 1795 Z
805 1730 924 1796 littora:
947 1729 1078 1794 uidetur
1100 1751 1163 1795 neo

147 1816 254 1882 aliena
281 1818 385 1882 latino
413 1817 556 1883 sermoni
583 1817 699 1902 fuisse,
728 1841 801 1883 cum
823 1818 1010 1884 inueniatur
1032 1819 1068 1883 in
1090 1840 1161 1884 oar-

147 1906 234 1971 mine
257 1904 386 1974 Saliari.

95 2044 133 2100 14
219 2048 319 2115 Varro
342 2051 378 2115 do
401 2051 419 2115 l.
444 2052 463 2116 l.
492 2050 565 2116 VII
578 2055 623 2116 26
646 2053 732 2134 [post
746 2050 860 2134 froom.
878 2055 900 2115 3
920 2054 951 2114 et
970 2069 1104 2114 oaorem
1128 2051 1162 2114 in

147 2137 243 2204 codice
270 2141 440 2222 spelterol·
470 2138 659 2223 fedesum,
692 2139 848 2220 foderum,
880 2137 1063 2223 plucima,
1091 2138 1162 2222 plu-

147 2226 244 2306 rima,
268 2228 481 2311 meliosem,
505 2226 682 2312 meliorem,
705 2250 872 2311 asenam,
897 2248 1038 2309 arenam,
1062 2227 1161 2292 iani-

148 2318 225 2399 tos‚
247 2315 378 2379 ianitor.

95 2453 132 2508 15
213 2455 325 2521 Festus
336 2474 371 2537 p.
389 2460 468 2520 141:
492 2453 641 2522 Cloatius
661 2457 717 2540 <et
731 2457 866 2540 Aelius>
890 2457 990 2522 etiam
1009 2458 1044 2522 in
1067 2457 1158 2522 libris

148 2565 316 2609 sacrorum
348 2544 559 2609 molucrum
593 2567 663 2610 esse
695 2547 788 2611 aiunt
819 2546 965 2632 ligneum
998 2546 1159 2630 quoddam

148 2632 357 2717 quadratum,
386 2631 443 2696 ubi
464 2633 661 2700 immolatur.
706 2635 793 2700 idem
816 2634 928 2699 Aelius
951 2636 987 2699 in
1009 2636 1158 2720 explana-

147 2723 236 2786 tione
256 2721 435 2788 carminum
458 2718 632 2787 Saliarium
651 2725 764 2790 eodem
782 2723 913 2789 nomine
932 2724 1093 2809 appellari
1116 2723 1158 2788 ait

148 2810 234 2894 quod
262 2809 323 2875 sub
351 2809 441 2874 mola
468 2815 683 2898 supponatur3
711 2813 863 2878 Aurelius
892 2811 1019 2897 Opilius
1052 2812 1157 2898 appel-

148 2899 210 2982 lat,
232 2899 288 2962 ubi
312 2898 463 2964 molatur.

97 3036 135 3092 16
212 3040 367 3124 ytossorr'o
384 3044 505 3106 uetusto
526 3043 659 3125 [ylossoe
676 3065 757 3111 nom.
775 3046 819 3112 ed.
835 3043 1007 3110 GLoew'o'os
1020 3045 1158 3127 p.137]:

149 3129 320 3230 capides,
342 3151 421 3194 uasa
443 3129 558 3196 fictilia
581 3130 752 3199 Saliorum.

221 3326 251 3374 14
269 3321 394 3378 dubitari
408 3327 505 3392 potat,
524 3339 591 3377 nam
611 3325 748 3382 contineat
766 3327 906 3382 Saliorum
924 3327 1063 3382 uocabulo
1090 3328 1100 3396 l
1128 3331 1156 3378 ιδ

149 3397 174 3446 et
198 3398 231 3446 16
253 3393 368 3449 dubiam
390 3397 494 3461 monet,
517 3409 583 3448 nam
606 3396 742 3452 uocabulo
764 3399 903 3468 explicata
935 3399 967 3453 in
994 3398 1064 3468 ipsis
1093 3399 1157 3454 lecto

151 3464 255 3518 suniat
272 3465 448 3521 carminibus.
