2470 3898
312 1016 519 1084 EDITORIS
542 1017 802 1088 PRAEFATIO.

104 1282 193 1350 Cum
218 1285 284 1350 uiri
310 1285 441 1371 quidam
469 1286 565 1352 amisi
586 1286 763 1352 identidem
786 1288 997 1354 admonerent
1020 1294 1057 1355 ut

42 1369 149 1440 Poetis
180 1373 314 1440 Latinis
341 1373 523 1441 Minoribus
552 1375 704 1441 adderem
731 1377 896 1461 uolumen,
927 1377 963 1443 in
993 1400 1057 1463 quo

43 1483 120 1544 quae
140 1461 307 1548 Scaligeri
320 1462 451 1531 Pithoei
469 1463 650 1530 Burmanni
665 1463 881 1532 Wernsdorfii
895 1466 1058 1534 collectio-

42 1551 135 1616 nibus
168 1552 417 1618 continerentur
451 1552 638 1638 fragmenta
673 1559 845 1644 poetarum
880 1556 1059 1622 latinorum

43 1642 212 1706 commode
241 1641 389 1708 oonleeta
416 1663 552 1726 meaque
579 1664 678 1726 opera
706 1644 877 1710 emendata
900 1649 1059 1730 extarent,

44 1749 76 1793 eo
104 1731 260 1832 equidem
287 1730 451 1796 lubentius
478 1730 699 1834 illis-morem
726 1733 903 1820 gerendum
933 1734 1058 1818 putaui,

41 1839 110 1972 tt
130 1841 297 1974 &3353ss
315 1819 1057 1996 ttzdstttttttthtpdttt³332.

42 2015 145 2166 iiia
158 1998 477 2169 tttdtmmttt
492 1998 977 2173 tttdttttttttttt
989 2021 1059 2155 tr

42 2177 119 2239 tuna
147 2176 267 2260 electa,
295 2175 352 2240 sed
379 2179 467 2242 eerto
496 2198 570 2242 oum
599 2176 734 2242 oonsilio
765 2177 875 2242 omnia
897 2180 1058 2262 quotquot

43 2266 154 2330 extant
178 2264 215 2329 in
236 2287 339 2330 unum
366 2287 437 2331 esse
464 2264 693 2350 eongreganda
722 2266 836 2331 statim
858 2265 940 2330 mihi
963 2287 1060 2350 appa·

43 2351 114 2418 ruit.
160 2375 262 2439 quam
289 2357 401 2420 tamen
426 2376 496 2420 rem
524 2354 611 2439 quod
637 2355 827 2439 exceptione
853 2376 921 2420 non
949 2375 1058 2421 oarere

43 2441 147 2527 uolui,¹
162 2442 341 2526 prudentes
356 2465 450 2528 spero
465 2443 724 2528 conprobabunt.
768 2448 900 2529 praeter
922 2443 1058 2529 inserip-

44 2527 146 2596 tiones
171 2531 274 2616 igitur
297 2531 351 2617 (de
369 2533 486 2616 quibus
501 2532 541 2598 ef.
558 2529 647 2598 PLM
665 2530 682 2596 I
699 2531 799 2616 praef.
818 2556 850 2617 p.
867 2529 931 2621 VI)
955 2554 1058 2598 seae-

43 2617 150 2685 nioae
179 2641 344 2705 poeseos
371 2621 526 2707 reliquias
554 2621 590 2686 in
613 2619 744 2687 Ottonis
768 2620 942 2687 Ribbeokii
964 2622 1057 2687 libris

44 2709 225 2776 notissimis
239 2709 355 2776 obuias
373 2731 439 2776 non
456 2711 564 2776 minus
588 2709 799 2775 secludendas
821 2711 937 2796 putaui
960 2732 1058 2796 quam

46 2815 108 2880 eas,
136 2820 221 2883 quae
250 2819 289 2863 ex
317 2801 458 2866 saturis
486 2799 703 2884 Menippeis
735 2803 878 2866 aetatem
901 2800 1058 2885 tulerunt,

46 2905 122 2967 quae
141 2887 336 2972 praesertim
353 2888 389 2954 in
405 2889 553 2954 Petronii
572 2886 820 2954 Buecheleriani
838 2888 979 2954 editione
998 2890 1057 2954 mi-

45 2993 118 3041 nore
135 2975 236 3042 facile
253 2977 426 3062 unicuique
445 2980 589 3066 pateant.
635 2979 668 3042 et
686 2977 789 3063 siquis
807 2978 975 3060 utriusque
999 2997 1054 3062 ge-

19 3089 24 3142 q
45 3064 125 3133 neris
145 3065 291 3131 indolem
308 3070 522 3151 naturamque
542 3087 651 3132 seeum
665 3065 883 3151 perpenderit,
901 3065 988 3151 quod
1006 3065 1055 3130 ita

20 3153 107 3218 ¹rein
131 3155 292 3242 gesserim
313 3176 380 3220 non
401 3155 599 3240 inprobabit.
645 3177 709 3240 qua
737 3155 843 3221 oneris
866 3157 961 3238 parte
988 3177 1056 3220 non

47 3261 143 3324 parua
165 3244 233 3309 iam
255 3243 394 3309 liberam
417 3243 593 3310 editionem
616 3243 662 3309 sio
684 3243 828 3327 institui,
850 3248 888 3308 ut
910 3243 1054 3310 ubicum-

49 3349 221 3420 qusquam
241 3333 380 3398 maxime
399 3333 602 3399 consulerem
619 3331 784 3416 breuitati,
807 3336 966 3417 quatenus
990 3333 1053 3398 sal-

48 3439 84 3484 ua
108 3423 142 3488 id
165 3422 396 3509 perspiouitate
419 3425 640 3508 lectorumque
664 3421 833 3488 commodo
856 3423 927 3488 fieri
950 3422 1052 3487 licuit.

50 3507 152 3596 itaque
185 3511 282 3578 omisi
314 3511 439 3579 adferre
471 3513 510 3578 de
543 3510 679 3597 singulis
711 3510 819 3595 poetis
852 3510 1053 3594 testimonia,

806 3611 842 3666 1*
