2470 3898
452 67 669 124 Parnassio.
1025 73 1067 138 19

58 233 110 296 est
156 251 217 295 nee
240 233 350 315 potest
372 229 555 316 praefracte
577 231 704 384 negari,
732 231 760 296 si
782 253 847 298 non
870 233 1009 319 priseos,
1033 240 1067 300 at

56 317 180 385 Liuium
217 322 400 384 tamenet
385 317 597 385 tNaeuium
630 342 667 384 ar
669 320 711 385 tis
745 322 953 406 graecanicae
985 325 1067 390 bene

54 428 174 494 gnaros
206 407 269 473 hac
296 407 510 492 productione
538 430 732 493 quamquam
761 432 919 494 parcen
885 408 936 498 (ut
963 412 1042 479 fit
1032 436 1068 478 ιιι

54 495 159 585 initio)
190 518 261 568 esse
288 518 376 562 usos.
421 519 488 562 non
512 519 638 582 premo,
671 499 706 563 in
728 498 899 565 Naeuiano
928 500 1067 567 lacrimis

53 606 118 652 cum
141 586 251 652 mattis
274 585 320 651 sio
342 588 464 651 nonst
433 585 640 651 statuendam
670 608 740 652 esse
763 587 893 654 theseos
917 612 1067 674 suppres-

53 675 189 760 sionem3
222 674 356 740 maioris
389 679 440 740 est
472 675 641 760 momenti,
675 676 802 760 quod
793 699 828 742 m
861 677 936 743 Liui
970 700 1066 744 uersu

51 764 214 830 Putrdolus
236 766 347 849 potest
376 763 499 829 seruari
521 785 600 848 prae
621 764 719 830 nimis
743 766 851 849 prisco
875 766 934 832 illo
958 767 1066 833 Patet·

50 854 124 919 coles
145 875 207 918 neo
236 852 419 918 mutatione
447 852 573 938 indiget
596 852 802 920 Naeuianum
829 855 968 921 inaudita
989 858 1065 922 iate‘·

47 962 137 1025 pram
170 939 244 1030 (nbi
276 941 444 1027 perinepte
477 941 680 1007 LMuellerus
715 943 805 1009 addit
836 965 941 1027 mam,
974 945 1064 1011 cuius

50 1031 173 1097 mentio
198 1033 273 1115 post
295 1030 436 1096 insulam
459 1033 567 1096 totam
589 1032 836 1116 peruersissima
859 1032 932 1119 est).

477 1193 637 1200 -—-—-—--—

113 1296 166 1362 De
185 1317 321 1382 poeseos
342 1294 515 1361 Saturniae
533 1295 679 1381 reliquiis
698 1298 855 1362 nonnulla
879 1297 1063 1364 adiecturus

48 1385 229 1471 praemitto
247 1406 384 1450 menon
404 1388 491 1450 stare
511 1386 552 1451 ab
576 1406 687 1450 eorum
710 1389 813 1471 parte,
837 1386 892 1471 qui
914 1389 1065 1454 carminis

47 1474 210 1540 uocabulo
234 1495 333 1538 unam
364 1475 533 1557 solamque
557 1473 738 1540 orationem
762 1476 905 1541 uinctam
929 1476 1065 1542 indicari

46 1567 215 1648 putant,t
217 1565 336 1647 ootque
354 1566 393 1626 ut
412 1562 504 1627 aiunt
527 1563 616 1628 caelo
639 1563 704 1630 dist
690 1568 760 1630 tare
784 1565 824 1630 ab
850 1564 895 1630 eis
920 1567 975 1648 qni
998 1588 1065 1631 non

47 1654 155 1718 solum
176 1650 341 1736 quaslibet
358 1651 564 1736 precationes
588 1651 630 1717 ad
648 1651 724 1718 deos
747 1652 814 1718 fact
799 1656 861 1738 tas,
885 1655 941 1718 sed
964 1654 1065 1719 etiam

46 1743 160 1828 legum
175 1740 343 1824 formulas,
367 1761 395 1805 s1
387 1739 459 1805 dis
473 1740 591 1825 placet,
613 1741 756 1806 numeris
771 1742 846 1807 adst
831 1742 944 1807 trictas
963 1742 1064 1808 fuisse

46 1831 110 1895 sibi
140 1791 343 1914 persuadent
368 1829 556 1894 innumeris.
607 1851 689 1914 quae
718 1831 881 1914 quaestio,
910 1831 1064 1916 quoniam

46 1919 146 1985 huius
167 1917 381 2002 praefationis
400 1917 481 1982 fines
501 1923 658 2002 angustos
678 1916 812 2001 excedit
788 1919 933 1984 taliot
919 1924 1065 2022 tempore

47 2031 65 2073 a
88 2029 142 2073 me
167 2007 365 2073 tractabitur
393 2009 543 2072 accurate
571 2006 729 2091 nouisque
754 2008 968 2093 argumentis,
997 2009 1064 2092 qui-

46 2098 107 2162 bus
142 2117 257 2162 omnes
290 2095 511 2162 dubitationes
545 2099 731 2197 exemptum
768 2095 832 2160 iri
830 2117 948 2179 spero.
1002 2098 1064 2163 hoc

45 2207 133 2251 nnnc
158 2184 241 2269 dico,
262 2206 328 2250 non
350 2185 450 2250 fuisse
465 2183 702 2250 Romanisant
645 2184 785 2271 antiquit
785 2206 823 2249 us
770 2183 937 2250 taliud
960 2185 1064 2250 ultum

45 2279 190 2340 metrum
226 2295 323 2358 quam
356 2274 561 2364 saturnium,¹
577 2273 623 2340 eis
656 2295 736 2358 quas
769 2274 904 2358 exposui
935 2273 1064 2360 legibus

43 2363 213 2450 paulatim
231 2363 405 2429 excultum.
450 2383 531 2448 quae
540 2337 641 2448 'ieges
660 2362 746 2446 quod
769 2384 808 2427 ex
830 2362 938 2428 titulis
963 2367 1065 2429 satur-

42 2454 119 2519 nios
148 2472 228 2538 praa
260 2473 295 2516 se
322 2450 501 2516 ferentibus
530 2455 564 2516 11
591 2449 771 2517 Andronici
794 2450 962 2536 Naeuique
991 2453 1064 2517 reli-

43 2540 132 2628 quiis
163 2540 246 2624 erui,
273 2539 520 2627 conprobabnnt
546 2540 633 2606 doct
607 2543 649 2624 t1;
679 2541 719 2606 ad
747 2540 807 2605 has
836 2543 892 2606 aut
893 2563 944 2606 em
972 2541 1064 2606 resti·

43 2629 170 2696 tuenda
184 2651 246 2694 sun
246 2633 382 2695 testera
397 2651 479 2714 quae
495 2633 548 2694 ext
549 2633 607 2694 ant
592 2628 721 2694 thuius
740 2633 808 2694 met
808 2630 836 2694 ri
856 2633 1065 2694 monumenta

42 2721 130 2805 apud
165 2717 295 2783 Liuium
327 2718 520 2784 historicum
559 2718 704 2804 aliosque
736 2715 903 2805 (peccauit
935 2740 983 2783 ex.
1016 2739 1064 2803 gr.

42 2809 198 2875 Henetus
218 2828 265 2891 eo,
288 2807 374 2892 quod
391 2807 443 2871 his
464 2807 505 2872 ad
523 2807 612 2893 ipsas
635 2807 711 2872 illas
735 2807 825 2891 loges
849 2806 1064 2892 explorandas

41 2892 229 2982 utebatur).
274 2916 472 2981 quamquam
500 2896 679 2962 cauendum
703 2899 766 2980 est,
794 2916 835 2960 ne
858 2896 974 2961 horum
998 2917 1065 2961 mo-

40 2987 278 3052 numentorum
307 3007 479 3051 numerum
510 2985 730 3051 inminuamus
762 2984 827 3070 ipsi
859 2983 995 3049 leuitate
1028 3005 1064 3048 ao

40 3073 235 3141 temeritate
264 3074 439 3158 iudicandi,
466 3076 504 3140 ut
532 3074 610 3140 fecit
638 3073 824 3158 nuperrime
855 3071 1064 3136 LMuetlerus.

41 3165 145 3230 mitto
190 3184 263 3228 eum
305 3162 504 3230 subridicule
545 3163 583 3229 de
619 3162 784 3228 cantilena
821 3160 880 3225 illa
923 3159 1065 3227 nutricia

41 3253 250 3319 statuentem
282 3247 380 3339 (Mus.
407 3251 510 3317 Rhen.
538 3252 582 3317 24
609 3275 640 3337 p.
668 3249 763 3338 619);
794 3249 927 3316 maioris
960 3251 1064 3314 multo

40 3349 92 3408 est
123 3342 284 3406 momenti
311 3340 434 3426 uidere,
463 3362 526 3426 quo
554 3341 611 3405 1111
640 3338 735 3404 modo
760 3337 957 3424 grauissima
979 3337 1065 3401 Liuii

41 3431 245 3498 documenta
289 3433 439 3515 suspecta
482 3428 695 3496 redderet
664 3426 794 3492 studeat
830 3425 889 3509 (de
930 3448 960 3489 u.
1003 3427 1065 3487 sat.

811 3527 849 3581 2*
