2470 3898
166 133 210 198 26
566 129 782 186 PRAEFATIO.

165 320 195 381 p.
215 295 258 360 93
281 295 360 360 siccet
380 293 509 359 hebetur
530 293 566 358 in
588 294 716 376 animae
738 293 889 372 carmine,
911 311 982 356 cum
998 297 1095 375 peter
1115 293 1172 376 filio

165 387 201 450 de
228 384 421 467 ayriccttara
442 383 648 465 praccipaerct:
675 381 800 447 betereo
821 381 965 462 patuere,
994 403 1091 446 cerno
1117 383 1172 446 tato

162 473 300 558 prandia
316 473 422 553 farra,
446 468 583 555 camele,
606 476 704 536 metes.
749 469 920 554 inquibus
943 469 977 533 id
996 469 1172 535 mirandum

166 566 230 646 est,
262 561 363 626 fuisse
397 561 454 644 qui
486 559 524 624 de
558 559 712 624 saturniis
741 558 935 644 cogitarent.
981 580 1172 644 quamquam

165 649 341 715 LMuelleri
365 647 419 736 (de
442 672 472 713 u.
497 651 558 714 sat.
580 672 610 732 p.
635 646 693 734 84)
722 647 899 730 sententia,
925 647 1040 712 adesse
1068 647 1173 714 carmi·

164 740 215 804 nis
240 738 376 804 alicuius
400 737 499 822 prisci
526 737 745 822 paraphrasin
771 735 954 820 pedestrem
977 739 1095 821 postea
1116 736 1173 801 fac·

166 832 248 911 tam,
276 848 342 893 non
369 826 476 912 magis
504 829 555 891 est
582 825 751 909 probanda
779 846 876 908 quam
907 824 940 888 id
964 826 1049 908 quod
1074 825 1173 906 adicit,

167 915 203 979 in
225 916 289 980 fine
307 919 418 980 tamen
436 914 577 980 fortasse
600 914 714 979 haberi
732 916 958 978 tetrametrum
982 913 1173 998 dactylicum

166 1004 401 1070 catalecticum.
447 1025 524 1067 nam
551 1025 625 1068 oum
651 1004 687 1066 in
713 1001 807 1066 initio
836 1005 948 1086 aperte
975 1001 1085 1067 adsint
1107 1024 1173 1066 ana-

165 1094 281 1178 paesti,
303 1092 355 1156 his
374 1113 478 1176 neque
496 1092 571 1156 finis
589 1095 761 1178 repugnat.
807 1090 924 1175 quibus
944 1091 1067 1176 agnitis
1084 1090 1172 1156 facile

167 1185 218 1246 est
246 1180 356 1245 uidere
388 1181 423 1244 in
450 1201 529 1246 uoce
556 1201 651 1246 neruo
682 1183 900 1245 correcturam
927 1181 1094 1264 monachi,
1123 1178 1172 1264 qui

166 1271 249 1335 illud
271 1270 396 1336 bibano
423 1269 575 1335 nescierit
604 1269 795 1334 descendere
819 1269 1065 1335 asubstantiuo
1083 1267 1172 1334 beben

164 1379 250 1425 aum.
279 1361 345 1424 iam
365 1358 394 1423 si
411 1363 487 1442 post
502 1359 565 1424 luto
585 1357 745 1423 addideris
764 1357 847 1421 illud
864 1357 900 1420 in
917 1359 1099 1442 praeceptis
1117 1357 1173 1422 sot-

166 1448 273 1513 lemne
301 1454 348 1530 tu,
376 1446 478 1511 habes
505 1447 631 1512 lenibus
659 1445 809 1510 remediis
839 1446 1011 1511 restitutos
1040 1467 1170 1531 anapae-

165 1540 235 1600 stos
264 1537 415 1621 optimos.
462 1535 517 1599 sed
545 1533 627 1600 illud
654 1539 759 1599 restat
782 1537 818 1598 ut
842 1534 1075 1619 disquiramus,
1101 1555 1172 1598 num

166 1624 295 1710 saepius
328 1623 452 1688 Romae
484 1626 594 1708 patres
627 1623 668 1688 ad
700 1623 785 1688 filios
819 1621 966 1688 dederint
997 1626 1169 1708 praecepta

164 1712 365 1779 increbuisse
383 1711 470 1776 hunc
488 1733 612 1777 morem
630 1712 733 1797 ipsius
753 1710 888 1777 Catonis
911 1713 1071 1798 exemplo,
1094 1711 1171 1797 eogi-

164 1803 229 1867 tari
252 1823 330 1866 sane
353 1803 475 1885 potest3
504 1801 559 1865 sed
581 1800 644 1866 hoo
666 1802 776 1885 posito
800 1804 924 1866 certum
947 1821 1070 1867 nomen
1091 1799 1170 1865 addi-

164 1896 234 1956 tum
254 1911 325 1955 esse
345 1888 575 1973 desideramus,
598 1911 671 1955 cum
691 1890 762 1954 sine
780 1889 844 1955 hoc
862 1887 1039 1955 lectoribus
1065 1892 1170 1974 sponte

164 1981 199 2044 in
218 1979 407 2044 memoriam
426 1978 471 2044 sit
489 1982 660 2058 reuocatus
683 1978 753 2064 ipse
776 1979 833 2043 ille
852 1977 944 2045 Cato.
990 1979 1069 2062 quid
1092 1997 1170 2057 uero,

166 2068 194 2132 si
216 2090 335 2133 nomen
363 2071 536 2153 propterea
565 2068 723 2132 omissum
751 2071 815 2151 est,
843 2067 928 2153 quod
956 2067 1170 2152 fragmentum

166 2178 204 2221 ex
236 2157 298 2223 hoc
335 2157 459 2222 scilicet
497 2160 664 2240 sumptum
702 2178 773 2221 esse
809 2157 896 2221 ultro
934 2178 1047 2221 omnes
1085 2154 1169 2220 intel·

164 2245 337 2311 texerunt?

234 2334 395 2417 Denique,
427 2336 464 2396 ut
496 2332 562 2397 iam
590 2331 722 2417 Accius,
753 2355 812 2398 neo
844 2332 950 2399 Varro
984 2333 1169 2420 dedignatus

166 2427 216 2487 est
247 2420 410 2486 interdum
441 2420 558 2505 priscis
594 2423 738 2487 numeris
766 2421 898 2487 Fauniis
933 2421 996 2506 uti,
1028 2420 1169 2507 quemad·

165 2510 296 2575 modum
325 2509 360 2572 in
390 2509 511 2574 saturis
546 2509 726 2596 Menippeis
736 2508 783 2596 ²¹²),
815 2511 863 2575 ita
894 2511 929 2575 in
964 2511 1171 2597 epigramma·

164 2600 218 2665 tis.
262 2599 379 2683 loquar
406 2597 460 2662 hic
492 2599 568 2664 data
596 2600 763 2664 occasione
796 2598 834 2663 de
866 2600 971 2665 tribus
1004 2600 1072 2664 illis
1103 2620 1170 2686 poe·

164 2688 275 2753 matiis
305 2685 391 2772 apud
423 2683 565 2752 Gellium
597 2687 614 2751 I
645 2690 690 2754 24
723 2688 875 2772 seruatis,
908 2710 989 2773 quae
1022 2710 1075 2754 me
1113 2687 1170 2773 qui·

165 2777 238 2842 dem
263 2797 389 2860 semper
417 2776 590 2841 mirantem
619 2777 761 2842 habuere
786 2798 884 2861 quam
907 2778 1058 2843 maxime.
1104 2797 1170 2843 nam

164 2868 201 2930 ut
225 2869 392 2950 stuporem
419 2868 530 2930 mouet
553 2864 689 2930 Plautus
717 2866 914 2931 hexametris
943 2865 1038 2930 modo
1068 2867 1170 2930 inuen-

163 2955 207 3018 tis
227 2953 291 3019 sibi
310 2952 511 3038 epitaphium
529 2976 662 3039 ponens‚
680 2955 715 3018 in
734 2954 820 3039 quod
838 2954 868 3019 ei
887 2956 1027 3019 metrum
1047 2975 1169 3021 consue

163 3046 236 3107 tum
273 3041 450 3126 quodlubet
482 3042 649 3108 adsumere
682 3043 781 3108 fuerit
811 3042 1010 3127 expeditius,
1048 3045 1095 3109 ita
1126 3063 1169 3107 res

164 3132 255 3216 ipsae
278 3133 312 3196 in
335 3131 581 3216 epigrammatis
606 3132 772 3217 expositae
797 3131 1013 3216 suspicionem
1036 3131 1169 3198 firmant.

234 3286 260 3354 ³¹⁶)
285 3287 472 3342 Eumenidum
499 3305 596 3344 uersus
622 3291 744 3358 primam
772 3292 823 3344 ete
850 3291 900 3360 qai
925 3290 1008 3361 meret
1023 3291 1028 3358 Ι
1043 3288 1169 3346 aestirtios

165 3359 289 3426 uicenos,
312 3357 367 3413 nisi
393 3359 486 3428 potius
510 3361 554 3414 est
577 3377 643 3415 casu
666 3363 744 3415 ortus
768 3375 901 3428 moraque
921 3359 1010 3414 oratio
1030 3359 1167 3430 pedestris,

162 3430 286 3552 patendit
307 3427 460 3486 Varronem
489 3429 547 3484 iam
575 3447 631 3486 non
653 3431 809 3502 priscorum
839 3431 874 3485 de
896 3447 923 3485 m
946 3431 1075 3501 regulam
1100 3445 1167 3487 secu·

176 3517 224 3554 um
242 3517 310 3558 esse.
