<?xml version="1.0" encoding="UTF-8"?>
<!DOCTYPE html PUBLIC "-//W3C//DTD XHTML 1.0 Transitional//EN"
    "http://www.w3.org/TR/xhtml1/DTD/xhtml1-transitional.dtd">
<html xmlns="http://www.w3.org/1999/xhtml" xml:lang="en" lang="en">
 <head>
  <title>
</title>
<meta http-equiv="Content-Type" content="text/html;charset=utf-8" />
  <meta name='ocr-system' content='tesseract 3.04.00' />
  <meta name='ocr-capabilities' content='ocr_page ocr_carea ocr_par ocr_line ocrx_word'/>
</head>
<body>
  <div class='ocr_page' id='page_1' title='image "./fragmentapoetar00baehgoog_0429.png"; bbox 0 0 2494 3888; ppageno 0'>
   <div class='ocr_carea' id='block_1_1' title="bbox 271 817 1006 896">
    <p class='ocr_par' dir='ltr' id='par_1_1' title="bbox 271 817 1006 896">
     <span class='ocr_line' id='line_1_1' title="bbox 271 817 1006 896; baseline 0 -3"><span class='ocrx_word' id='word_1_1' title='bbox 271 819 528 894; x_wconf 85' lang='lat' dir='ltr'><strong>ADDENDA</strong></span> <span class='ocrx_word' id='word_1_2' title='bbox 554 819 625 892; x_wconf 87' lang='lat' dir='ltr'>ET</span> <span class='ocrx_word' id='word_1_3' title='bbox 652 817 1006 896; x_wconf 81' lang='lat' dir='ltr'><strong>CORRIGENDA.</strong></span> 
     </span>
    </p>
   </div>
   <div class='ocr_carea' id='block_1_2' title="bbox 128 1130 1151 2620">
    <p class='ocr_par' dir='ltr' id='par_1_2' title="bbox 128 1130 1151 2620">
     <span class='ocr_line' id='line_1_2' title="bbox 201 1130 1148 1202; baseline 0 -16"><span class='ocrx_word' id='word_1_4' title='bbox 201 1133 355 1186; x_wconf 79' lang='lat' dir='ltr'>Prsassrro</span> <span class='ocrx_word' id='word_1_5' title='bbox 377 1150 405 1202; x_wconf 89' lang='lat' dir='ltr'>p.</span> <span class='ocrx_word' id='word_1_6' title='bbox 424 1136 467 1186; x_wconf 84' lang='lat' dir='ltr'>m.</span> <span class='ocrx_word' id='word_1_7' title='bbox 505 1131 630 1186; x_wconf 83' lang='lat' dir='ltr'>carmina</span> <span class='ocrx_word' id='word_1_8' title='bbox 652 1130 798 1186; x_wconf 66' lang='lat' dir='ltr'>Muciana</span> <span class='ocrx_word' id='word_1_9' title='bbox 818 1131 950 1186; x_wconf 87' lang='lat' dir='ltr'>incendio</span> <span class='ocrx_word' id='word_1_10' title='bbox 974 1148 1000 1186; x_wconf 87' lang='lat' dir='ltr'>a.</span> <span class='ocrx_word' id='word_1_11' title='bbox 1024 1136 1061 1186; x_wconf 79' lang='grc'>83</span> <span class='ocrx_word' id='word_1_12' title='bbox 1083 1149 1148 1186; x_wconf 92' lang='lat' dir='ltr'>con·</span> 
     </span>
     <span class='ocr_line' id='line_1_3' title="bbox 130 1200 1148 1272; baseline -0.002 -14"><span class='ocrx_word' id='word_1_13' title='bbox 130 1209 243 1272; x_wconf 82' lang='lat' dir='ltr'>sumpte</span> <span class='ocrx_word' id='word_1_14' title='bbox 261 1219 335 1258; x_wconf 82' lang='lat' dir='ltr'>anno</span> <span class='ocrx_word' id='word_1_15' title='bbox 353 1219 378 1258; x_wconf 76' lang='lat' dir='ltr'>a</span> <span class='ocrx_word' id='word_1_16' title='bbox 394 1202 457 1257; x_wconf 83' lang='lat' dir='ltr'>Chr.</span> <span class='ocrx_word' id='word_1_17' title='bbox 476 1208 509 1256; x_wconf 91' lang='grc'>77</span> <span class='ocrx_word' id='word_1_18' title='bbox 529 1203 576 1256; x_wconf 89' lang='lat' dir='ltr'>uel</span> <span class='ocrx_word' id='word_1_19' title='bbox 594 1208 627 1256; x_wconf 85' lang='grc'>76</span> <span class='ocrx_word' id='word_1_20' title='bbox 645 1202 753 1271; x_wconf 89' lang='lat' dir='ltr'>templo</span> <span class='ocrx_word' id='word_1_21' title='bbox 767 1201 909 1272; x_wconf 86' lang='lat' dir='ltr'>Apollinis</span> <span class='ocrx_word' id='word_1_22' title='bbox 927 1200 1063 1258; x_wconf 75' lang='lat' dir='ltr'>restituta</span> <span class='ocrx_word' id='word_1_23' title='bbox 1080 1219 1148 1268; x_wconf 84' lang='lat' dir='ltr'>esse,</span> 
     </span>
     <span class='ocr_line' id='line_1_4' title="bbox 129 1271 1147 1344; baseline 0.001 -16"><span class='ocrx_word' id='word_1_24' title='bbox 129 1274 209 1344; x_wconf 82' lang='lat' dir='ltr'>potui</span> <span class='ocrx_word' id='word_1_25' title='bbox 228 1273 362 1344; x_wconf 80' lang='lat' dir='ltr'>colligere</span> <span class='ocrx_word' id='word_1_26' title='bbox 380 1290 415 1328; x_wconf 89' lang='lat' dir='ltr'>ex</span> <span class='ocrx_word' id='word_1_27' title='bbox 433 1273 526 1328; x_wconf 90' lang='lat' dir='ltr'>uerbis</span> <span class='ocrx_word' id='word_1_28' title='bbox 546 1271 638 1327; x_wconf 85' lang='lat' dir='ltr'>Seruii</span> <span class='ocrx_word' id='word_1_29' title='bbox 656 1273 692 1327; x_wconf 82' lang='lat' dir='ltr'>od</span> <span class='ocrx_word' id='word_1_30' title='bbox 709 1272 780 1328; x_wconf 84' lang='lat' dir='ltr'>Aen.</span> <span class='ocrx_word' id='word_1_31' title='bbox 800 1272 838 1326; x_wconf 90' lang='lat' dir='ltr'>VI</span> <span class='ocrx_word' id='word_1_32' title='bbox 860 1279 893 1328; x_wconf 77' lang='lat'>&#39;12</span> <span class='ocrx_word' id='word_1_33' title='bbox 918 1271 996 1327; x_wconf 89' lang='lat' dir='ltr'>hisce</span> <span class='ocrx_word' id='word_1_34' title='bbox 1015 1275 1147 1342; x_wconf 70' lang='lat' dir='ltr'>guilleri</span> 
     </span>
     <span class='ocr_line' id='line_1_5' title="bbox 130 1343 1147 1415; baseline 0 -17"><span class='ocrx_word' id='word_1_35' title='bbox 130 1343 285 1415; x_wconf 82' lang='lat' dir='ltr'>(Sibyllini)</span> <span class='ocrx_word' id='word_1_36' title='bbox 312 1346 344 1399; x_wconf 81' lang='lat' dir='ltr'>iu</span> <span class='ocrx_word' id='word_1_37' title='bbox 366 1346 464 1413; x_wconf 82' lang='lat' dir='ltr'>templo</span> <span class='ocrx_word' id='word_1_38' title='bbox 487 1345 629 1412; x_wconf 73' lang='lat' dir='ltr'><strong><em>Apollinis</em></strong></span> <span class='ocrx_word' id='word_1_39' title='bbox 651 1344 848 1410; x_wconf 70' lang='lat' dir='ltr'>sanabantur,</span> <span class='ocrx_word' id='word_1_40' title='bbox 875 1360 924 1399; x_wconf 80' lang='lat' dir='ltr'>nac</span> <span class='ocrx_word' id='word_1_41' title='bbox 947 1345 1005 1412; x_wconf 74' lang='lat' dir='ltr'>ipsi</span> <span class='ocrx_word' id='word_1_42' title='bbox 1031 1350 1147 1411; x_wconf 68' lang='lat' dir='ltr'>tamum,</span> 
     </span>
     <span class='ocr_line' id='line_1_6' title="bbox 129 1415 1148 1485; baseline -0.003 -14"><span class='ocrx_word' id='word_1_43' title='bbox 129 1417 176 1471; x_wconf 79' lang='lat' dir='ltr'>sod</span> <span class='ocrx_word' id='word_1_44' title='bbox 198 1422 223 1471; x_wconf 82' lang='lat' dir='ltr'>ct</span> <span class='ocrx_word' id='word_1_45' title='bbox 245 1415 419 1470; x_wconf 71' lang='lat' dir='ltr'><strong><em>Marciorum</em></strong></span> <span class='ocrx_word' id='word_1_46' title='bbox 441 1420 466 1469; x_wconf 84' lang='lat' dir='ltr'>ct</span> <span class='ocrx_word' id='word_1_47' title='bbox 489 1415 593 1484; x_wconf 75' lang='lat' dir='ltr'>Begoes</span> <span class='ocrx_word' id='word_1_48' title='bbox 614 1415 762 1485; x_wconf 72' lang='lat' dir='ltr'>nymphae,</span> <span class='ocrx_word' id='word_1_49' title='bbox 794 1432 865 1483; x_wconf 77' lang='lat' dir='ltr'>guae</span> <span class='ocrx_word' id='word_1_50' title='bbox 888 1419 974 1469; x_wconf 84' lang='lat' dir='ltr'>ortem</span> <span class='ocrx_word' id='word_1_51' title='bbox 999 1416 1148 1483; x_wconf 70' lang='lat' dir='ltr'><strong><em>scripserat</em></strong></span> 
     </span>
     <span class='ocr_line' id='line_1_7' title="bbox 130 1484 1146 1556; baseline -0.002 -16"><span class='ocrx_word' id='word_1_52' title='bbox 130 1487 329 1556; x_wconf 75' lang='lat' dir='ltr'>fulguritorum</span> <span class='ocrx_word' id='word_1_53' title='bbox 356 1487 434 1556; x_wconf 77' lang='lat' dir='ltr'>apud</span> <span class='ocrx_word' id='word_1_54' title='bbox 459 1487 568 1542; x_wconf 73' lang='lat' dir='ltr'>Tuscos</span> <span class='ocrx_word' id='word_1_55' title='bbox 604 1502 657 1556; x_wconf 89' lang='lat' dir='ltr'>par</span> <span class='ocrx_word' id='word_1_56' title='bbox 684 1489 728 1540; x_wconf 91' lang='lat' dir='ltr'>est</span> <span class='ocrx_word' id='word_1_57' title='bbox 752 1485 828 1540; x_wconf 89' lang='lat' dir='ltr'>enim</span> <span class='ocrx_word' id='word_1_58' title='bbox 852 1484 980 1540; x_wconf 85' lang='lat' dir='ltr'>Seruium</span> <span class='ocrx_word' id='word_1_59' title='bbox 1007 1487 1146 1554; x_wconf 73' lang='lat' dir='ltr'><strong>respicere</strong></span> 
     </span>
     <span class='ocr_line' id='line_1_8' title="bbox 130 1557 1147 1627; baseline -0.001 -15"><span class='ocrx_word' id='word_1_60' title='bbox 130 1558 165 1612; x_wconf 77' lang='lat' dir='ltr'>uu</span> <span class='ocrx_word' id='word_1_61' title='bbox 179 1559 293 1627; x_wconf 90' lang='lat' dir='ltr'>tempus</span> <span class='ocrx_word' id='word_1_62' title='bbox 307 1575 411 1611; x_wconf 82' lang='lat' dir='ltr'>annum</span> <span class='ocrx_word' id='word_1_63' title='bbox 426 1563 461 1612; x_wconf 83' lang='lat'>83</span> <span class='ocrx_word' id='word_1_64' title='bbox 474 1572 532 1610; x_wconf 89' lang='lat' dir='ltr'>non</span> <span class='ocrx_word' id='word_1_65' title='bbox 545 1572 750 1626; x_wconf 75' lang='lat' dir='ltr'>praegressum,</span> <span class='ocrx_word' id='word_1_66' title='bbox 765 1557 815 1610; x_wconf 88' lang='lat' dir='ltr'>sed</span> <span class='ocrx_word' id='word_1_67' title='bbox 829 1557 994 1612; x_wconf 85' lang='lat' dir='ltr'>insecutum.</span> <span class='ocrx_word' id='word_1_68' title='bbox 1022 1558 1147 1611; x_wconf 84' lang='lat' dir='ltr'>ceterum</span> 
     </span>
     <span class='ocr_line' id='line_1_9' title="bbox 129 1625 1149 1697; baseline -0.001 -16"><span class='ocrx_word' id='word_1_69' title='bbox 129 1631 162 1684; x_wconf 87' lang='lat' dir='ltr'>ut</span> <span class='ocrx_word' id='word_1_70' title='bbox 179 1629 234 1682; x_wconf 91' lang='lat' dir='ltr'>hoc</span> <span class='ocrx_word' id='word_1_71' title='bbox 253 1629 363 1696; x_wconf 82' lang='lat' dir='ltr'>eddam,</span> <span class='ocrx_word' id='word_1_72' title='bbox 384 1627 507 1697; x_wconf 90' lang='lat' dir='ltr'>suspicio</span> <span class='ocrx_word' id='word_1_73' title='bbox 530 1628 589 1694; x_wconf 74' lang='lat' dir='ltr'>illa,</span> <span class='ocrx_word' id='word_1_74' title='bbox 608 1645 665 1696; x_wconf 85' lang='lat' dir='ltr'>qua</span> <span class='ocrx_word' id='word_1_75' title='bbox 683 1627 740 1682; x_wconf 82' lang='lat' dir='ltr'>iam</span> <span class='ocrx_word' id='word_1_76' title='bbox 760 1628 865 1681; x_wconf 88' lang='lat' dir='ltr'>dudum</span> <span class='ocrx_word' id='word_1_77' title='bbox 884 1625 1021 1696; x_wconf 81' lang='lat' dir='ltr'>opinabar</span> <span class='ocrx_word' id='word_1_78' title='bbox 1039 1627 1149 1696; x_wconf 78' lang='lat' dir='ltr'>Begoes</span> 
     </span>
     <span class='ocr_line' id='line_1_10' title="bbox 130 1697 1149 1768; baseline -0.002 -16"><span class='ocrx_word' id='word_1_79' title='bbox 130 1699 187 1766; x_wconf 92' lang='lat' dir='ltr'>(uel</span> <span class='ocrx_word' id='word_1_80' title='bbox 206 1697 328 1768; x_wconf 87' lang='lat' dir='ltr'>Vegoes)</span> <span class='ocrx_word' id='word_1_81' title='bbox 351 1701 494 1768; x_wconf 76' lang='lat' dir='ltr'>nymphae</span> <span class='ocrx_word' id='word_1_82' title='bbox 518 1699 624 1768; x_wconf 82' lang='lat' dir='ltr'>scripte</span> <span class='ocrx_word' id='word_1_83' title='bbox 646 1698 738 1753; x_wconf 83' lang='lat' dir='ltr'>latina</span> <span class='ocrx_word' id='word_1_84' title='bbox 759 1698 939 1766; x_wconf 84' lang='lat' dir='ltr'>maximoque</span> <span class='ocrx_word' id='word_1_85' title='bbox 962 1697 1059 1752; x_wconf 89' lang='lat' dir='ltr'>nobile</span> <span class='ocrx_word' id='word_1_86' title='bbox 1078 1697 1149 1752; x_wconf 87' lang='lat' dir='ltr'>illud</span> 
     </span>
     <span class='ocr_line' id='line_1_11' title="bbox 130 1767 1150 1839; baseline 0 -15"><span class='ocrx_word' id='word_1_87' title='bbox 130 1770 335 1839; x_wconf 78' lang='lat' dir='ltr'>fragmentum,</span> <span class='ocrx_word' id='word_1_88' title='bbox 364 1771 439 1838; x_wconf 91' lang='lat' dir='ltr'>quod</span> <span class='ocrx_word' id='word_1_89' title='bbox 466 1769 555 1824; x_wconf 86' lang='lat' dir='ltr'>habes</span> <span class='ocrx_word' id='word_1_90' title='bbox 583 1770 613 1822; x_wconf 92' lang='lat' dir='ltr'>in</span> <span class='ocrx_word' id='word_1_91' title='bbox 641 1769 813 1824; x_wconf 84' lang='lat' dir='ltr'>Lachmanni</span> <span class='ocrx_word' id='word_1_92' title='bbox 840 1767 1005 1839; x_wconf 86' lang='lat' dir='ltr'>gromaticis</span> <span class='ocrx_word' id='word_1_93' title='bbox 1033 1787 1061 1837; x_wconf 88' lang='lat' dir='ltr'>p.</span> <span class='ocrx_word' id='word_1_94' title='bbox 1089 1775 1150 1836; x_wconf 80' lang='lat'><strong>350,</strong></span> 
     </span>
     <span class='ocr_line' id='line_1_12' title="bbox 128 1839 1146 1911; baseline 0 -16"><span class='ocrx_word' id='word_1_95' title='bbox 128 1840 284 1910; x_wconf 86' lang='lat' dir='ltr'>posteriore</span> <span class='ocrx_word' id='word_1_96' title='bbox 311 1857 382 1896; x_wconf 79' lang='lat' dir='ltr'>aeuo</span> <span class='ocrx_word' id='word_1_97' title='bbox 410 1841 485 1910; x_wconf 82' lang='lat' dir='ltr'>opud</span> <span class='ocrx_word' id='word_1_98' title='bbox 507 1841 648 1895; x_wconf 82' lang='lat' dir='ltr'>Romanos</span> <span class='ocrx_word' id='word_1_99' title='bbox 672 1855 733 1894; x_wconf 88' lang='lat' dir='ltr'>csse</span> <span class='ocrx_word' id='word_1_100' title='bbox 751 1840 912 1910; x_wconf 83' lang='lat' dir='ltr'>supposita,</span> <span class='ocrx_word' id='word_1_101' title='bbox 942 1839 1008 1894; x_wconf 91' lang='lat' dir='ltr'>hinc</span> <span class='ocrx_word' id='word_1_102' title='bbox 1030 1841 1146 1911; x_wconf 86' lang='lat' dir='ltr'>egregie</span> 
     </span>
     <span class='ocr_line' id='line_1_13' title="bbox 130 1910 1149 1977; baseline 0 -13"><span class='ocrx_word' id='word_1_103' title='bbox 130 1911 324 1977; x_wconf 65' lang='lat' dir='ltr'>confirmatum</span> <span class='ocrx_word' id='word_1_104' title='bbox 352 1929 404 1966; x_wconf 90' lang='lat' dir='ltr'>nec</span> <span class='ocrx_word' id='word_1_105' title='bbox 427 1911 484 1966; x_wconf 85' lang='lat' dir='ltr'>iam</span> <span class='ocrx_word' id='word_1_106' title='bbox 508 1911 606 1966; x_wconf 91' lang='lat' dir='ltr'>dubito</span> <span class='ocrx_word' id='word_1_107' title='bbox 630 1910 681 1965; x_wconf 84' lang='lat' dir='ltr'>illa</span> <span class='ocrx_word' id='word_1_108' title='bbox 696 1911 797 1976; x_wconf 86' lang='lat' dir='ltr'>eidem</span> <span class='ocrx_word' id='word_1_109' title='bbox 822 1927 896 1965; x_wconf 84' lang='lat' dir='ltr'>anno</span> <span class='ocrx_word' id='word_1_110' title='bbox 916 1916 949 1965; x_wconf 92' lang='grc'>77</span> <span class='ocrx_word' id='word_1_111' title='bbox 974 1911 1021 1964; x_wconf 92' lang='lat' dir='ltr'>uel</span> <span class='ocrx_word' id='word_1_112' title='bbox 1041 1917 1076 1965; x_wconf 86' lang='grc'>76</span> <span class='ocrx_word' id='word_1_113' title='bbox 1101 1910 1149 1964; x_wconf 83' lang='lat' dir='ltr'>ed-</span> 
     </span>
     <span class='ocr_line' id='line_1_14' title="bbox 131 1981 1149 2052; baseline 0.003 -17"><span class='ocrx_word' id='word_1_114' title='bbox 131 1982 261 2037; x_wconf 88' lang='lat' dir='ltr'>scribere.</span> <span class='ocrx_word' id='word_1_115' title='bbox 299 1984 329 2037; x_wconf 89' lang='lat' dir='ltr'>et</span> <span class='ocrx_word' id='word_1_116' title='bbox 352 1983 484 2037; x_wconf 78' lang='lat' dir='ltr'>habuisse</span> <span class='ocrx_word' id='word_1_117' title='bbox 511 1983 563 2036; x_wconf 89' lang='lat' dir='ltr'>hos</span> <span class='ocrx_word' id='word_1_118' title='bbox 582 1983 691 2050; x_wconf 83' lang='lat' dir='ltr'>Begoes</span> <span class='ocrx_word' id='word_1_119' title='bbox 718 1983 860 2052; x_wconf 82' lang='lat' dir='ltr'>nymphae</span> <span class='ocrx_word' id='word_1_120' title='bbox 887 1981 976 2035; x_wconf 88' lang='lat' dir='ltr'>libros</span> <span class='ocrx_word' id='word_1_121' title='bbox 1005 1999 1039 2036; x_wconf 85' lang='lat' dir='ltr'>ex</span> <span class='ocrx_word' id='word_1_122' title='bbox 1068 1984 1149 2052; x_wconf 76' lang='lat' dir='ltr'>parto</span> 
     </span>
     <span class='ocr_line' id='line_1_15' title="bbox 134 2051 1150 2120; baseline 0.002 -14"><span class='ocrx_word' id='word_1_123' title='bbox 134 2054 235 2108; x_wconf 85' lang='lat' dir='ltr'>saltem</span> <span class='ocrx_word' id='word_1_124' title='bbox 262 2052 383 2109; x_wconf 83' lang='lat' dir='ltr'>formam</span> <span class='ocrx_word' id='word_1_125' title='bbox 411 2053 572 2120; x_wconf 76' lang='lat' dir='ltr'>metricum,</span> <span class='ocrx_word' id='word_1_126' title='bbox 599 2053 733 2107; x_wconf 87' lang='lat' dir='ltr'>discimus</span> <span class='ocrx_word' id='word_1_127' title='bbox 760 2071 794 2107; x_wconf 87' lang='lat' dir='ltr'>ex</span> <span class='ocrx_word' id='word_1_128' title='bbox 812 2051 962 2107; x_wconf 79' lang='lat' dir='ltr'>Ammiano</span> <span class='ocrx_word' id='word_1_129' title='bbox 981 2051 1150 2108; x_wconf 79' lang='lat' dir='ltr'>Marcellino</span> 
     </span>
     <span class='ocr_line' id='line_1_16' title="bbox 130 2122 1151 2192; baseline 0.002 -16"><span class='ocrx_word' id='word_1_130' title='bbox 130 2122 208 2178; x_wconf 86' lang='lat' dir='ltr'>XVII</span> <span class='ocrx_word' id='word_1_131' title='bbox 237 2129 284 2192; x_wconf 89' lang='grc'>10,</span> <span class='ocrx_word' id='word_1_132' title='bbox 315 2131 331 2178; x_wconf 77' lang='lat'>2</span> <span class='ocrx_word' id='word_1_133' title='bbox 363 2129 475 2180; x_wconf 86' lang='lat' dir='ltr'>mortem</span> <span class='ocrx_word' id='word_1_134' title='bbox 510 2125 626 2191; x_wconf 83' lang='lat' dir='ltr'>sortasse</span> <span class='ocrx_word' id='word_1_135' title='bbox 657 2129 778 2178; x_wconf 80' lang='lat' dir='ltr'>metueres</span> <span class='ocrx_word' id='word_1_136' title='bbox 809 2125 1019 2190; x_wconf 76' lang='lat' dir='ltr'>adacutmrtam,</span> <span class='ocrx_word' id='word_1_137' title='bbox 1051 2129 1085 2177; x_wconf 85' lang='lat' dir='ltr'>ut</span> <span class='ocrx_word' id='word_1_138' title='bbox 1119 2127 1151 2178; x_wconf 82' lang='lat' dir='ltr'>iu</span> 
     </span>
     <span class='ocr_line' id='line_1_17' title="bbox 132 2193 1151 2266; baseline -0.001 -18"><span class='ocrx_word' id='word_1_139' title='bbox 132 2194 268 2266; x_wconf 63' lang='lat' dir='ltr'>Tageticis</span> <span class='ocrx_word' id='word_1_140' title='bbox 305 2197 384 2251; x_wconf 80' lang='lat' dir='ltr'>libris</span> <span class='ocrx_word' id='word_1_141' title='bbox 420 2197 519 2264; x_wconf 75' lang='lat' dir='ltr'>legitur</span> <span class='ocrx_word' id='word_1_142' title='bbox 557 2193 654 2266; x_wconf 80' lang='lat' dir='ltr'>(uel)</span> <span class='ocrx_word' id='word_1_143' title='bbox 690 2195 814 2264; x_wconf 72' lang='lat' dir='ltr'>Vegoicis</span> <span class='ocrx_word' id='word_1_144' title='bbox 850 2195 1007 2265; x_wconf 79' lang='lat' dir='ltr'>[ucpoaicis</span> <span class='ocrx_word' id='word_1_145' title='bbox 1040 2193 1151 2266; x_wconf 88' lang='lat' dir='ltr'>codd.],</span> 
     </span>
     <span class='ocr_line' id='line_1_18' title="bbox 128 2266 1150 2338; baseline 0.001 -19"><span class='ocrx_word' id='word_1_146' title='bbox 128 2266 245 2331; x_wconf 74' lang='lat' dir='ltr'>fulmine</span> <span class='ocrx_word' id='word_1_147' title='bbox 262 2283 326 2322; x_wconf 73' lang='lat' dir='ltr'>mccc</span> <span class='ocrx_word' id='word_1_148' title='bbox 343 2268 494 2338; x_wconf 76' lang='lat' dir='ltr'>tangendos</span> <span class='ocrx_word' id='word_1_149' title='bbox 517 2267 584 2322; x_wconf 76' lang='lat' dir='ltr'>adeo</span> <span class='ocrx_word' id='word_1_150' title='bbox 602 2267 723 2321; x_wconf 81' lang='lat' dir='ltr'>hebetari</span> <span class='ocrx_word' id='word_1_151' title='bbox 745 2272 777 2322; x_wconf 82' lang='lat' dir='ltr'>ut</span> <span class='ocrx_word' id='word_1_152' title='bbox 794 2282 843 2320; x_wconf 78' lang='lat' dir='ltr'>nac</span> <span class='ocrx_word' id='word_1_153' title='bbox 861 2267 994 2320; x_wconf 76' lang='lat' dir='ltr'>tonitrum</span> <span class='ocrx_word' id='word_1_154' title='bbox 1017 2282 1068 2320; x_wconf 79' lang='lat' dir='ltr'>uec</span> <span class='ocrx_word' id='word_1_155' title='bbox 1093 2283 1150 2320; x_wconf 85' lang='lat' dir='ltr'>mo-</span> 
     </span>
     <span class='ocr_line' id='line_1_19' title="bbox 129 2335 1151 2408; baseline 0 -18"><span class='ocrx_word' id='word_1_156' title='bbox 129 2338 201 2391; x_wconf 77' lang='lat' dir='ltr'>turas</span> <span class='ocrx_word' id='word_1_157' title='bbox 230 2339 337 2408; x_wconf 73' lang='lat' dir='ltr'>aliquos</span> <span class='ocrx_word' id='word_1_158' title='bbox 359 2339 472 2406; x_wconf 74' lang='lat' dir='ltr'>possint</span> <span class='ocrx_word' id='word_1_159' title='bbox 497 2339 597 2391; x_wconf 81' lang='lat' dir='ltr'>audire</span> <span class='ocrx_word' id='word_1_160' title='bbox 619 2339 752 2407; x_wconf 74' lang='lat' dir='ltr'>fragores.</span> <span class='ocrx_word' id='word_1_161' title='bbox 790 2335 819 2390; x_wconf 86' lang='lat' dir='ltr'>in</span> <span class='ocrx_word' id='word_1_162' title='bbox 842 2336 944 2404; x_wconf 87' lang='lat' dir='ltr'>quibus</span> <span class='ocrx_word' id='word_1_163' title='bbox 967 2352 1068 2390; x_wconf 88' lang='lat' dir='ltr'>uorsus</span> <span class='ocrx_word' id='word_1_164' title='bbox 1096 2337 1151 2390; x_wconf 89' lang='lat' dir='ltr'>sibi</span> 
     </span>
     <span class='ocr_line' id='line_1_20' title="bbox 129 2406 1150 2463; baseline -0.001 -2"><span class='ocrx_word' id='word_1_165' title='bbox 129 2407 228 2462; x_wconf 81' lang='lat' dir='ltr'>audire</span> <span class='ocrx_word' id='word_1_166' title='bbox 255 2408 404 2463; x_wconf 87' lang='lat' dir='ltr'>uidebatur</span> <span class='ocrx_word' id='word_1_167' title='bbox 428 2409 486 2462; x_wconf 85' lang='lat' dir='ltr'>ism</span> <span class='ocrx_word' id='word_1_168' title='bbox 513 2406 542 2462; x_wconf 81' lang='grc'>0.</span> <span class='ocrx_word' id='word_1_169' title='bbox 567 2408 599 2463; x_wconf 88' lang='grc' dir='ltr'>Ο.</span> <span class='ocrx_word' id='word_1_170' title='bbox 622 2407 774 2462; x_wconf 86' lang='lat' dir='ltr'>Muellerus</span> <span class='ocrx_word' id='word_1_171' title='bbox 802 2406 868 2462; x_wconf 90' lang='lat' dir='ltr'>libri</span> <span class='ocrx_word' id='word_1_172' title='bbox 895 2407 930 2460; x_wconf 89' lang='lat' dir='ltr'>de</span> <span class='ocrx_word' id='word_1_173' title='bbox 953 2407 1082 2462; x_wconf 74' lang='lat' dir='ltr'>Etruscis</span> <span class='ocrx_word' id='word_1_174' title='bbox 1105 2406 1150 2460; x_wconf 84' lang='lat'>11²</span> 
     </span>
     <span class='ocr_line' id='line_1_21' title="bbox 128 2476 1150 2550; baseline 0 -18"><span class='ocrx_word' id='word_1_175' title='bbox 128 2497 156 2548; x_wconf 90' lang='lat' dir='ltr'>p.</span> <span class='ocrx_word' id='word_1_176' title='bbox 176 2483 225 2544; x_wconf 78' lang='lat'>25,</span> <span class='ocrx_word' id='word_1_177' title='bbox 249 2496 301 2549; x_wconf 86' lang='lat' dir='ltr'>ego</span> <span class='ocrx_word' id='word_1_178' title='bbox 319 2479 510 2550; x_wconf 75' lang='lat' dir='ltr'>fragmentum</span> <span class='ocrx_word' id='word_1_179' title='bbox 534 2478 616 2533; x_wconf 89' lang='lat' dir='ltr'>huius</span> <span class='ocrx_word' id='word_1_180' title='bbox 639 2479 732 2548; x_wconf 90' lang='lat' dir='ltr'>operis</span> <span class='ocrx_word' id='word_1_181' title='bbox 750 2497 779 2548; x_wconf 89' lang='lat' dir='ltr'>p.</span> <span class='ocrx_word' id='word_1_182' title='bbox 798 2483 851 2533; x_wconf 76' lang='lat'>294</span> <span class='ocrx_word' id='word_1_183' title='bbox 874 2476 1037 2532; x_wconf 83' lang='lat' dir='ltr'>addendum</span> <span class='ocrx_word' id='word_1_184' title='bbox 1061 2478 1104 2532; x_wconf 89' lang='lat' dir='ltr'>sio</span> <span class='ocrx_word' id='word_1_185' title='bbox 1123 2479 1150 2533; x_wconf 92' lang='lat' dir='ltr'>in</span> 
     </span>
     <span class='ocr_line' id='line_1_22' title="bbox 130 2547 786 2620; baseline 0.002 -16"><span class='ocrx_word' id='word_1_186' title='bbox 130 2547 287 2604; x_wconf 80' lang='lat' dir='ltr'>orationem</span> <span class='ocrx_word' id='word_1_187' title='bbox 305 2550 449 2605; x_wconf 83' lang='lat' dir='ltr'>derectam</span> <span class='ocrx_word' id='word_1_188' title='bbox 466 2551 586 2606; x_wconf 89' lang='lat' dir='ltr'>restituo</span> <span class='ocrx_word' id='word_1_189' title='bbox 604 2549 786 2620; x_wconf 79' lang='lat' dir='ltr'>corrigoquer</span> 
     </span>
    </p>
   </div>
   <div class='ocr_carea' id='block_1_3' title="bbox 253 2674 997 2887">
    <p class='ocr_par' dir='ltr' id='par_1_3' title="bbox 253 2674 997 2887">
     <span class='ocr_line' id='line_1_23' title="bbox 253 2674 969 2743; baseline 0.001 -17"><span class='ocrx_word' id='word_1_190' title='bbox 253 2717 272 2726; x_wconf 90' lang='lat'>-</span> <span class='ocrx_word' id='word_1_191' title='bbox 289 2699 335 2727; x_wconf 85' lang='grc' dir='ltr'>υυ</span> <span class='ocrx_word' id='word_1_192' title='bbox 352 2719 370 2728; x_wconf 91' lang='grc'>-</span> <span class='ocrx_word' id='word_1_193' title='bbox 387 2699 433 2728; x_wconf 83' lang='grc' dir='ltr'>υυ</span> <span class='ocrx_word' id='word_1_194' title='bbox 450 2719 469 2728; x_wconf 90' lang='grc'>-</span> <span class='ocrx_word' id='word_1_195' title='bbox 486 2701 532 2729; x_wconf 84' lang='grc' dir='ltr'>υυ</span> <span class='ocrx_word' id='word_1_196' title='bbox 549 2718 567 2728; x_wconf 93' lang='grc'>-</span> <span class='ocrx_word' id='word_1_197' title='bbox 585 2699 631 2728; x_wconf 84' lang='grc' dir='ltr'>υυ</span> <span class='ocrx_word' id='word_1_198' title='bbox 648 2674 775 2729; x_wconf 75' lang='lat' dir='ltr'>fulminis</span> <span class='ocrx_word' id='word_1_199' title='bbox 793 2675 836 2729; x_wconf 77' lang='lat' dir='ltr'>uis</span> <span class='ocrx_word' id='word_1_200' title='bbox 856 2692 921 2730; x_wconf 85' lang='lat' dir='ltr'>mox</span> <span class='ocrx_word' id='word_1_201' title='bbox 966 2740 969 2743; x_wconf 87' lang='lat'>.</span> 
     </span>
     <span class='ocr_line' id='line_1_24' title="bbox 254 2744 997 2814; baseline -0.001 -14"><span class='ocrx_word' id='word_1_202' title='bbox 254 2746 412 2814; x_wconf 82' lang='lat' dir='ltr'>tangendos</span> <span class='ocrx_word' id='word_1_203' title='bbox 431 2746 502 2801; x_wconf 82' lang='lat' dir='ltr'>adeo</span> <span class='ocrx_word' id='word_1_204' title='bbox 520 2745 651 2814; x_wconf 86' lang='lat' dir='ltr'>hebetat,</span> <span class='ocrx_word' id='word_1_205' title='bbox 669 2746 702 2799; x_wconf 93' lang='lat' dir='ltr'>ut</span> <span class='ocrx_word' id='word_1_206' title='bbox 719 2763 772 2801; x_wconf 88' lang='lat' dir='ltr'>neo</span> <span class='ocrx_word' id='word_1_207' title='bbox 790 2744 928 2801; x_wconf 87' lang='lat' dir='ltr'>tonitrum</span> <span class='ocrx_word' id='word_1_208' title='bbox 944 2761 997 2800; x_wconf 88' lang='lat' dir='ltr'>neo</span> 
     </span>
     <span class='ocr_line' id='line_1_25' title="bbox 255 2815 900 2887; baseline 0.008 -19"><span class='ocrx_word' id='word_1_209' title='bbox 255 2816 376 2871; x_wconf 86' lang='lat' dir='ltr'>maiores</span> <span class='ocrx_word' id='word_1_210' title='bbox 395 2815 504 2885; x_wconf 88' lang='lat' dir='ltr'>aliquos</span> <span class='ocrx_word' id='word_1_211' title='bbox 522 2817 633 2887; x_wconf 86' lang='lat' dir='ltr'>possint</span> <span class='ocrx_word' id='word_1_212' title='bbox 651 2816 748 2873; x_wconf 81' lang='lat' dir='ltr'>audire</span> <span class='ocrx_word' id='word_1_213' title='bbox 767 2815 900 2887; x_wconf 82' lang='lat' dir='ltr'>fragores.</span> 
     </span>
    </p>
   </div>
   <div class='ocr_carea' id='block_1_4' title="bbox 128 2937 1232 3010">
    <p class='ocr_par' dir='ltr' id='par_1_4' title="bbox 128 2937 1232 3010">
     <span class='ocr_line' id='line_1_26' title="bbox 128 2937 1232 3010; baseline 0.002 -16"><span class='ocrx_word' id='word_1_214' title='bbox 128 2939 158 2994; x_wconf 88' lang='lat' dir='ltr'>in</span> <span class='ocrx_word' id='word_1_215' title='bbox 182 2937 283 3006; x_wconf 86' lang='lat' dir='ltr'>quibus</span> <span class='ocrx_word' id='word_1_216' title='bbox 306 2956 333 2994; x_wconf 91' lang='lat' dir='ltr'>u.</span> <span class='ocrx_word' id='word_1_217' title='bbox 357 2943 373 2992; x_wconf 77' lang='lat'>2</span> <span class='ocrx_word' id='word_1_218' title='bbox 398 2938 487 2994; x_wconf 81' lang='lat' dir='ltr'>hebes</span> <span class='ocrx_word' id='word_1_219' title='bbox 511 2939 644 2995; x_wconf 81' lang='lat' dir='ltr'>omissum</span> <span class='ocrx_word' id='word_1_220' title='bbox 667 2942 733 2996; x_wconf 83' lang='lat' dir='ltr'>ante</span> <span class='ocrx_word' id='word_1_221' title='bbox 756 2941 774 2995; x_wconf 81' lang='lat' dir='ltr'>t</span> <span class='ocrx_word' id='word_1_222' title='bbox 797 2939 990 3010; x_wconf 82' lang='lat' dir='ltr'>synaloephen</span> <span class='ocrx_word' id='word_1_223' title='bbox 1013 2958 1048 2996; x_wconf 87' lang='lat' dir='ltr'>ex</span> <span class='ocrx_word' id='word_1_224' title='bbox 1071 2958 1149 2997; x_wconf 90' lang='lat' dir='ltr'>more</span> <span class='ocrx_word' id='word_1_225' title='bbox 1231 2975 1232 2982; x_wconf 25' lang='grc' dir='ltr'><strong>κ</strong></span> 
     </span>
    </p>
   </div>
   <div class='ocr_carea' id='block_1_5' title="bbox 128 3009 1148 3364">
    <p class='ocr_par' dir='ltr' id='par_1_5' title="bbox 129 3009 457 3081">
     <span class='ocr_line' id='line_1_27' title="bbox 129 3009 457 3081; baseline 0.003 -17"><span class='ocrx_word' id='word_1_226' title='bbox 129 3009 223 3080; x_wconf 89' lang='lat' dir='ltr'>prisco</span> <span class='ocrx_word' id='word_1_227' title='bbox 242 3012 339 3081; x_wconf 84' lang='lat' dir='ltr'>(supra</span> <span class='ocrx_word' id='word_1_228' title='bbox 355 3025 382 3079; x_wconf 90' lang='lat' dir='ltr'>p.</span> <span class='ocrx_word' id='word_1_229' title='bbox 404 3013 457 3079; x_wconf 79' lang='lat'>16).</span> 
     </span>
    </p>

    <p class='ocr_par' dir='ltr' id='par_1_6' title="bbox 128 3079 1148 3364">
     <span class='ocr_line' id='line_1_28' title="bbox 200 3079 1147 3150; baseline 0.003 -15"><span class='ocrx_word' id='word_1_230' title='bbox 200 3098 227 3150; x_wconf 91' lang='lat' dir='ltr'>p.</span> <span class='ocrx_word' id='word_1_231' title='bbox 252 3087 286 3135; x_wconf 78' lang='grc'>36</span> <span class='ocrx_word' id='word_1_232' title='bbox 308 3097 381 3134; x_wconf 78' lang='lat' dir='ltr'>serm</span> <span class='ocrx_word' id='word_1_233' title='bbox 404 3098 515 3136; x_wconf 83' lang='lat' dir='ltr'>ousuurr</span> <span class='ocrx_word' id='word_1_234' title='bbox 536 3079 691 3150; x_wconf 74' lang='lat' dir='ltr'>fragmenti</span> <span class='ocrx_word' id='word_1_235' title='bbox 716 3087 731 3136; x_wconf 94' lang='lat'>1</span> <span class='ocrx_word' id='word_1_236' title='bbox 756 3081 850 3137; x_wconf 88' lang='lat' dir='ltr'>uersui</span> <span class='ocrx_word' id='word_1_237' title='bbox 873 3081 957 3136; x_wconf 84' lang='lat' dir='ltr'>altori</span> <span class='ocrx_word' id='word_1_238' title='bbox 979 3079 1072 3136; x_wconf 90' lang='lat' dir='ltr'>lenior</span> <span class='ocrx_word' id='word_1_239' title='bbox 1094 3081 1147 3138; x_wconf 79' lang='lat' dir='ltr'>for·</span> 
     </span>
     <span class='ocr_line' id='line_1_29' title="bbox 128 3151 1145 3223; baseline 0.003 -18"><span class='ocrx_word' id='word_1_240' title='bbox 128 3152 204 3206; x_wconf 86' lang='lat' dir='ltr'>tasse</span> <span class='ocrx_word' id='word_1_241' title='bbox 232 3152 344 3206; x_wconf 84' lang='lat' dir='ltr'>medela</span> <span class='ocrx_word' id='word_1_242' title='bbox 367 3151 495 3207; x_wconf 88' lang='lat' dir='ltr'>adhiberi</span> <span class='ocrx_word' id='word_1_243' title='bbox 517 3154 611 3221; x_wconf 88' lang='lat' dir='ltr'>potest</span> <span class='ocrx_word' id='word_1_244' title='bbox 638 3154 725 3208; x_wconf 83' lang='lat' dir='ltr'>haece</span> <span class='ocrx_word' id='word_1_245' title='bbox 748 3154 872 3222; x_wconf 77' lang='lat' dir='ltr'>nequid</span> <span class='ocrx_word' id='word_1_246' title='bbox 893 3152 1006 3220; x_wconf 64' lang='lat' dir='ltr'>fraudes</span> <span class='ocrx_word' id='word_1_247' title='bbox 1028 3153 1145 3223; x_wconf 72' lang='lat' dir='ltr'>stupri!</span> 
     </span>
     <span class='ocr_line' id='line_1_30' title="bbox 130 3222 1147 3293; baseline 0.005 -19"><span class='ocrx_word' id='word_1_248' title='bbox 130 3222 235 3288; x_wconf 73' lang='lat' dir='ltr'>ferocia</span> <span class='ocrx_word' id='word_1_249' title='bbox 246 3224 351 3290; x_wconf 76' lang='lat' dir='ltr'>portat,</span> <span class='ocrx_word' id='word_1_250' title='bbox 369 3223 403 3276; x_wconf 91' lang='lat' dir='ltr'>ut</span> <span class='ocrx_word' id='word_1_251' title='bbox 422 3222 479 3276; x_wconf 91' lang='lat' dir='ltr'>sint</span> <span class='ocrx_word' id='word_1_252' title='bbox 491 3224 605 3290; x_wconf 78' lang='lat' dir='ltr'>fraudis</span> <span class='ocrx_word' id='word_1_253' title='bbox 623 3225 653 3278; x_wconf 92' lang='lat' dir='ltr'>et</span> <span class='ocrx_word' id='word_1_254' title='bbox 671 3225 763 3293; x_wconf 73' lang='lat' dir='ltr'>stupri</span> <span class='ocrx_word' id='word_1_255' title='bbox 781 3240 815 3278; x_wconf 89' lang='lat' dir='ltr'>ex</span> <span class='ocrx_word' id='word_1_256' title='bbox 829 3227 925 3279; x_wconf 88' lang='lat' dir='ltr'>uetere</span> <span class='ocrx_word' id='word_1_257' title='bbox 945 3224 1147 3279; x_wconf 88' lang='lat' dir='ltr'>consuetudine</span> 
     </span>
     <span class='ocr_line' id='line_1_31' title="bbox 129 3291 1148 3364; baseline 0.005 -19"><span class='ocrx_word' id='word_1_258' title='bbox 129 3291 291 3358; x_wconf 80' lang='lat' dir='ltr'>asyndetice</span> <span class='ocrx_word' id='word_1_259' title='bbox 310 3293 411 3347; x_wconf 88' lang='lat' dir='ltr'>iuncta.</span> <span class='ocrx_word' id='word_1_260' title='bbox 428 3323 462 3333; x_wconf 96' lang='lat'>-</span> <span class='ocrx_word' id='word_1_261' title='bbox 478 3294 514 3346; x_wconf 81' lang='lat' dir='ltr'>sd</span> <span class='ocrx_word' id='word_1_262' title='bbox 532 3294 658 3348; x_wconf 90' lang='lat' dir='ltr'>eiusdem</span> <span class='ocrx_word' id='word_1_263' title='bbox 678 3294 777 3364; x_wconf 85' lang='lat' dir='ltr'>fragm.</span> <span class='ocrx_word' id='word_1_264' title='bbox 794 3300 810 3348; x_wconf 86' lang='grc'>3</span> <span class='ocrx_word' id='word_1_265' title='bbox 825 3293 898 3349; x_wconf 82' lang='lat' dir='ltr'>adde</span> <span class='ocrx_word' id='word_1_266' title='bbox 916 3293 946 3348; x_wconf 91' lang='lat' dir='ltr'>in</span> <span class='ocrx_word' id='word_1_267' title='bbox 959 3293 1049 3349; x_wconf 88' lang='lat' dir='ltr'>notis:</span> <span class='ocrx_word' id='word_1_268' title='bbox 1067 3295 1148 3362; x_wconf 59' lang='lat' dir='ltr'>tuber</span> 
     </span>
    </p>
   </div>
   <div class='ocr_carea' id='block_1_6' title="bbox 1225 3199 1232 3230">
    <p class='ocr_par' dir='ltr' id='par_1_7' title="bbox 1225 3199 1232 3230">
     <span class='ocr_line' id='line_1_32' title="bbox 1225 3199 1232 3230; baseline 0 0"><span class='ocrx_word' id='word_1_269' title='bbox 1225 3199 1232 3230; x_wconf 72' lang='grc'><strong>7</strong></span> 
     </span>
    </p>
   </div>
   <div class='ocr_carea' id='block_1_7' title="bbox 128 3359 1230 3432">
    <p class='ocr_par' dir='ltr' id='par_1_8' title="bbox 128 3359 1230 3432">
     <span class='ocr_line' id='line_1_33' title="bbox 128 3359 1230 3432; baseline 0.012 -22"><span class='ocrx_word' id='word_1_270' title='bbox 128 3359 219 3425; x_wconf 83' lang='lat' dir='ltr'>prisce</span> <span class='ocrx_word' id='word_1_271' title='bbox 242 3365 274 3411; x_wconf 82' lang='lat' dir='ltr'>ut</span> <span class='ocrx_word' id='word_1_272' title='bbox 296 3362 328 3414; x_wconf 79' lang='lat' dir='ltr'>iu</span> <span class='ocrx_word' id='word_1_273' title='bbox 350 3364 431 3416; x_wconf 81' lang='lat' dir='ltr'>titulo</span> <span class='ocrx_word' id='word_1_274' title='bbox 451 3361 586 3432; x_wconf 73' lang='lat' dir='ltr'>Paeligno</span> <span class='ocrx_word' id='word_1_275' title='bbox 612 3365 670 3419; x_wconf 80' lang='lat' dir='ltr'>‘de&#39;s</span> <span class='ocrx_word' id='word_1_276' title='bbox 691 3366 764 3432; x_wconf 73' lang='lat' dir='ltr'>forte</span> <span class='ocrx_word' id='word_1_277' title='bbox 779 3365 868 3432; x_wconf 75' lang='lat' dir='ltr'>sabcr’</span> <span class='ocrx_word' id='word_1_278' title='bbox 893 3365 1090 3432; x_wconf 80' lang='lat' dir='ltr'>(Bucctclcrue</span> <span class='ocrx_word' id='word_1_279' title='bbox 1112 3383 1148 3422; x_wconf 84' lang='lat' dir='ltr'>m.</span> <span class='ocrx_word' id='word_1_280' title='bbox 1229 3373 1230 3382; x_wconf 59' lang='lat'>¹</span> 
     </span>
    </p>
   </div>
   <div class='ocr_carea' id='block_1_8' title="bbox 131 3426 399 3496">
    <p class='ocr_par' dir='ltr' id='par_1_9' title="bbox 131 3426 399 3496">
     <span class='ocr_line' id='line_1_34' title="bbox 131 3426 399 3496; baseline 0.015 -17"><span class='ocrx_word' id='word_1_281' title='bbox 131 3426 185 3479; x_wconf 78' lang='lat' dir='ltr'>Ru.</span> <span class='ocrx_word' id='word_1_282' title='bbox 205 3426 309 3478; x_wconf 86' lang='lat' dir='ltr'><strong>xxxv</strong></span> <span class='ocrx_word' id='word_1_283' title='bbox 327 3433 399 3496; x_wconf 79' lang='lat' dir='ltr'>res).</span> 
     </span>
    </p>
   </div>
   <div class='ocr_carea' id='block_1_9' title="bbox 0 0 1253 3888">
    <p class='ocr_par' dir='ltr' id='par_1_10' title="bbox 0 0 1253 3888">
     <span class='ocr_line' id='line_1_35' title="bbox 0 0 1253 3888; baseline 0 0"><span class='ocrx_word' id='word_1_284' title='bbox 0 0 1253 3888; x_wconf 95' lang='lat' dir='ltr'> </span> 
     </span>
    </p>
   </div>
  </div>
 </body>
</html>
