2498 3880
444 134 572 190 SATUR.
590 135 658 190 LIB.
678 137 724 190 XI.
1030 138 1093 202 183

119 299 243 366 Lucius
263 285 365 364 'Cotta
388 319 499 381 senex,
524 297 626 362 crassi
648 301 743 383 pater
765 298 861 364 huius
885 297 904 338 *
927 300 1042 385 paceni
1065 299 1094 385 ³¹²,
1108 306 1164 364 295
1235 273 1236 308 ³

118 410 261 544 333ng
284 387 347 452 fuit
370 386 453 452 trico
476 387 694 471 nummarius,
718 388 844 453 soluere
867 388 949 452 nulli

120 671 140 680 -
159 650 204 678 cc
225 637 284 702 quo
306 617 474 695 estlaesas
497 613 667 681 Cornelius
690 615 825 682 Publius
848 621 961 683 noster
1109 625 1165 684 299

121 707 292 792 Scipiadas
315 705 401 771 dicto
424 726 549 790 pusque
574 704 703 769 hostem
726 705 894 790 intorquet
916 707 952 771 in
972 707 1093 792 ipsum:

119 795 254 862 ‘Cottae
277 794 401 859 deliciis
425 793 518 877 Luci,
541 793 672 880 effigias
695 798 792 878 atque
816 795 949 861 cinaedo
973 798 1005 860 et

119 884 279 953 sectatori
302 883 382 949 adeo
405 882 476 966 ipse
499 903 572 966 suo,
595 882 681 966 quod
704 883 825 949 rectius
849 883 962 950 dicasl'

120 975 196 1040 ibat
217 975 312 1058 poste
335 973 480 1055 domnm3
505 972 669 1055 sequimur
691 971 787 1036 multi
810 975 907 1057 atque

665 1058 862 1145 frequentes.
1078 1078 1094 1127 5
1209 1059 1212 1066 ’

121 1205 197 1270 ‘nec
219 1203 300 1268 mihi
323 1204 470 1267 amatore
493 1200 557 1266 hoc
581 1222 662 1285 opus
685 1223 745 1267 nec
768 1203 893 1268 tricone
916 1203 1057 1270 uadato'.
1108 1211 1164 1268 292

61 1363 64 1370 ’
120 1346 200 1412 inde
223 1345 315 1410 uenIt
337 1342 476 1408 Romam
499 1345 592 1408 tener
614 1343 685 1427 ipse
713 1343 813 1408 etiam
837 1348 934 1429 atque
957 1347 1093 1430 puellus.
1109 1354 1166 1411 298

122 1487 265 1566 Quintus
289 1484 437 1568 Opimius
460 1483 528 1568 ille,
550 1481 712 1570 Iugurtini
735 1489 828 1570 pater
851 1486 960 1571 huius,
1108 1496 1165 1553 299

123 1580 160 1643 et
181 1575 344 1641 formosus
366 1574 465 1639 homo
488 1572 552 1637 fuit
575 1576 608 1638 et
630 1571 791 1659 famosus,
813 1578 988 1661 utrumque

122 1665 231 1752 primo
255 1663 458 1744 adulescens,
481 1660 644 1745 posterius
668 1661 745 1726 dare
767 1665 885 1730 rectius
909 1687 989 1732 sese.

72 1966 113 2005 ex
130 1947 172 2002 XI
190 1960 288 1999 uersus
306 1945 371 1998 sunt
386 1944 392 2013 Ι
409 1948 423 1997 1
437 1942 519 2013 impr.
534 1941 608 2024 Scip.
622 1959 726 2012 magno
740 1944 853 2000 Lucium.
868 1947 907 2002 cd
919 1945 1004 2001 Lacr.
1020 1951 1072 2001 413
1087 1947 1095 2018 ll

73 2016 222 2074 99919999
238 2020 281 2084 22,
296 2019 331 2070 29
348 2013 471 2070 tricones
490 2029 595 2069 moron
615 2015 644 2068 et
662 2015 699 2070 ad
716 2013 890 2070 reddendum
908 2016 979 2072 duri.
998 2015 1028 2071 L.
1042 2020 1094 2074 sat.

75 2090 130 2146 lib.
150 2088 190 2142 XI
209 2117 243 2130 -·-
265 2084 297 2140 id
319 2087 363 2141 est
379 2084 485 2150 facilis3
508 2085 579 2140 idem
600 2089 665 2153 998,
687 2090 721 2140 19
742 2085 851 2140 lentum
872 2085 964 2142 facile.
993 2087 1024 2141 L.
1044 2091 1095 2142 sat.

73 2161 127 2216 lib.
147 2159 188 2214 XI
204 2157 210 2232 Ι
226 2164 241 2212 1
259 2156 363 2212 Lucius
384 2155 538 2212 Itoracbus:
557 2172 588 2224 p.
603 2161 638 2210 22
662 2155 787 2211 Lucilius
804 2162 824 2209 1.
842 2172 894 2213 cm.
913 2163 979 2226 en,
997 2167 1028 2228 p.
1043 2163 1095 2214 998

74 2249 129 2290 cm.
150 2245 241 2286 manes
260 2231 266 2300 Ι
286 2226 379 2282 Crassi
396 2228 481 2297 culpo
497 2228 501 2295 Ι
516 2227 618 2297 paceni
637 2227 748 2297 (paneci
766 2228 798 2295 9)
818 2229 894 2284 codd.
910 2245 940 2298 p.
961 2235 1003 2296 22,
1024 2229 1097 2284 idem

72 2321 106 2374 p.
121 2306 176 2358 998
194 2317 294 2371 pacem
313 2297 425 2368 (paceni
442 2303 469 2350 Η
485 2315 520 2354 m.
535 2300 576 2366 2);
597 2301 746 2353 99999999
765 2297 870 2354 Iunius
887 2299 1006 2354 Panaeti
1023 2299 1097 2354 Bea-

74 2375 157 2430 9999
174 2387 290 2442 peracer
308 2369 435 2426 91999999
454 2372 460 2439 Ι
480 2373 497 2424 2
516 2387 553 2425 m.
572 2372 607 2425 tr.
625 2369 682 2425 fuit
699 2369 776 2426 codd.
791 2387 821 2440 p.
842 2375 893 2425 998
916 2373 926 2442 ΙΙ
947 2375 1002 2428 999
1021 2369 1096 2427 Fert.

75 2450 133 2501 294
154 2458 264 2498 scurrae
281 2440 452 2497 uocabulum
472 2481 499 2495 ..
519 2440 595 2508 quod
618 2442 648 2495 et
668 2439 804 2496 tenuioris
823 2440 951 2497 fortuma
969 2443 1097 2498 homines

76 2519 110 2572 et
127 2513 216 2572 ceteri
234 2509 342 2581 alioqui
360 2511 409 2582 qui
427 2511 541 2567 honoris
559 2511 654 2582 gretia
671 2515 906 2594 persequerentur
925 2514 1096 2585 quempiam,

78 2585 208 2656 ..sequi
226 2584 284 2640 sint
301 2583 391 2650 soliti,
415 2581 483 2651 quia
505 2581 640 2638 uidelicet
657 2583 735 2638 dicat
752 2583 888 2649 Lucillum
917 2586 962 2642 lu‘c
985 2587 1071 2656 posui

78 2664 94 2714 1
105 2673 163 2728 quo
175 2658 219 2712 est
227 2656 320 2710 laesus
328 2654 428 2710 addidi
438 2654 506 2722 (uici
514 2654 584 2721 forte
593 2655 659 2710 latet
667 2655 699 2709 ia
709 2653 912 2727 Cornelius)1P.
922 2658 1017 2711 noster
1025 2658 1082 2712 cod.

76 2735 94 2785 2
104 2728 217 2784 hostem
225 2741 333 2796 pnsque
342 2726 387 2780 acl
395 2743 423 2794 p.
434 2724 462 2778 ln
474 2725 535 2792 (act
543 2725 637 2780 999999
645 2726 706 2780 tum
716 2729 835 2796 pasqua)
845 2728 958 2797 caspii:
972 2730 1096 2797 tempus-

75 2815 135 2871 que
145 2799 203 2855 cod.
219 2801 224 2868 Ι
241 2796 487 2864 acotnesaipaz
499 2795 539 2851 oti
549 2796 644 2852 etcod.
662 2800 666 2864 Ι
682 2795 857 2867 (1911999999,
870 2813 940 2853 corr.
960 2798 1096 2880 Ursinus}

77 2870 193 2941 effigias
216 2869 351 2938 Secliperz
379 2865 488 2922 effictae
516 2867 575 2924 cod.
600 2869 604 2936 Ι
629 2871 646 2920 4
673 2872 734 2924 erat
760 2883 822 2924 cam
843 2869 951 2926 mallem
973 2867 1098 2925 fellaton

79 2942 156 3010 (Oct.
175 2943 219 3010 88,
238 2941 280 3009 8),
303 2939 351 2994 aed
368 2939 492 2994 sectator
510 2936 659 3007 suiipsius
680 2943 731 2994 cat
742 2940 934 2995 Δ9999999999
952 2945 1003 2995 aut
1020 2940 1097 3007 fella-

76 3019 126 3070 tor.
152 3013 210 3068 dici
236 3013 351 3079 sonasse
372 3014 461 3080 potest
485 3011 490 3077 Ι
514 3008 575 3078 ipse
604 3024 654 3063 suo
681 3010 778 3079 991999
806 3009 862 3079 ipsi
886 3027 935 3065 suc
960 3012 1031 3078 cod.;
1059 3027 1099 3065 99

76 3081 661 3223 99)ῘὲῗεῖιὲἹεῃὲἓτ(8ἷ9ῗ9ὓῖὴῗῖ)9ῗιῗ9ἷώ
700 3082 868 3207 weilai?
886 3082 1098 3224 limile

77 3226 195 3281 Ruunt:
215 3240 310 3279 amore
329 3227 404 3275 9199
426 3223 436 3292 ΙΙ
458 3193 510 3276 ’999
530 3222 622 3277 Prisc.
641 3221 725 3277 1291
744 3222 782 3278 Η.
807 3221 918 3292 puellus
942 3223 1046 3295 puella.
1066 3224 1097 3280 L.

78 3297 110 3351 in
128 3295 169 3350 XI
182 3298 192 3367 ΙΙ
204 3300 257 3350 299
271 3295 346 3349 Non.
361 3298 422 3361 999,
437 3298 472 3348 29
490 3293 564 3348 unde
578 3294 608 3348 et
620 3292 759 3348 famosum
773 3292 881 3348 <lictum
896 3295 941 3350 est
953 3295 1058 3351 infame
1073 3336 1097 3349 ..

79 3369 113 3423 L.
133 3369 187 3423 sat.
202 3367 250 3423 lib.
264 3365 304 3421 XI
319 3368 324 3435 Ι
341 3371 356 3419 1
376 3365 485 3433 opimus
503 3365 590 3433 9999,
609 3379 677 3419 corr.
692 3365 831 3420 Beattaac
846 3367 851 3434 Ι
866 3364 1023 3436 iugurthini
1038 3369 1098 3431 919,

79 3439 242 3578 antip.
257 3443 273 3492 2
291 3451 430 3508 macer.
452 3437 458 3505 Ι
478 3441 495 3491 9
514 3435 581 3490 dare
602 3434 759 3492 Tarentum
783 3436 820 3491 da
841 3438 919 3494 codd.
943 3439 1008 3507 (det
1025 3449 1099 3492 aaut

125 3525 217 3566 mor.
238 3553 242 3562 .
