2470 3898
455 79 475 136 I.
494 78 675 134 ANNALES.
1026 79 1070 144 65

142 269 225 305 „w
242 293 261 303 -
278 274 323 302 υυ
341 292 359 302 .
376 274 395 302 υ
418 245 452 307 at
474 241 535 307 Ilia
558 241 685 308 reddita
708 247 819 326 nupta.

145 455 163 464 -
180 436 200 463 o
222 434 243 463 υ
261 403 444 470 destituunt
467 423 599 488 campos
623 402 757 487 riuoque
781 407 960 468 remanant.

146 569 324 651 postquam
348 563 498 630 consistit
521 562 654 647 fluuius,
678 563 732 664 qui
756 567 806 628 est
830 563 981 628 omnibus

147 742 203 827 qur
227 746 303 808 suns
325 740 431 807 Isara.
645 673 809 738 pnn⁰⁰p⁵'

147 953 166 963 -
183 933 229 961 υυ
246 952 264 961 -
282 933 327 960 co
345 952 363 961 -
385 901 482 986 lupus
505 901 627 966 femina
650 900 718 965 feta
740 903 881 986 repente.

131 1062 219 1144 Vera
242 1063 320 1126 Aen.
349 1059 443 1126 VIII
461 1066 540 1125 630:
563 1059 686 1125 fecerat
709 1063 741 1124 et
764 1059 861 1125 uiridi
884 1060 984 1125 fetam
1007 1059 1074 1126 Ma·

62 1151 164 1216 uortis
184 1152 220 1215 in
234 1154 327 1215 antro
342 1149 554 1234 procubuisse
568 1148 694 1233 lupam:
714 1150 861 1234 geminos
881 1148 956 1213 huie
975 1149 1076 1214 ubera

63 1241 183 1306 circum
215 1238 325 1303 ludere
357 1237 525 1324 pendentis
553 1257 672 1323 pueros
701 1240 733 1301 et
761 1237 906 1302 lambere
937 1241 1075 1302 matrem

62 1327 249 1414 inpauidos3
278 1327 370 1392 illam
398 1327 495 1392 tereti
523 1326 648 1392 ceruice
670 1325 789 1390 reflexa
813 1326 952 1390 mulcere
980 1327 1076 1392 alter-

63 1439 122 1482 nos
147 1421 181 1483 et
204 1437 341 1502 corpora
363 1416 486 1502 fingere
509 1416 635 1501 lingua3
665 1416 807 1498 adquae
829 1413 975 1482 Seruius:
999 1437 1076 1481 sane

62 1509 151 1572 totus
174 1505 228 1571 his
253 1505 343 1571 locus
366 1505 535 1570 Ennianus
561 1508 619 1570 est.

150 1647 205 1712 fici
232 1647 421 1731 dulciferae‚
443 1647 604 1712 lactantes
628 1646 726 1711 ubere
749 1649 832 1713 tcto.

151 1789 343 1855 indotuetur
365 1788 422 1854 ubi
445 1789 541 1873 lupus
564 1787 700 1872 femina,
724 1789 860 1874 despicit
884 1789 989 1854 omnis

151 1899 213 1943 nec
236 1899 369 1963 campos
393 1877 491 1943 celeri
513 1898 614 1964 passu
636 1899 808 1962 permensa
830 1899 1005 1962 parumper

153 1967 274 2032 conicit
296 1967 331 2030 in
354 1965 472 2032 siluam
496 1987 575 2033 sese.

135 2181 171 2232 88
190 2175 268 2232 Seru.
288 2177 326 2232 ad
344 2176 412 2232 Aac.
433 2174 473 2230 III
491 2182 542 2231 883
562 2175 676 2232 reddita
693 2192 770 2231 more
790 2174 880 2231 ueteri
897 2191 948 2244 pro
968 2174 1037 2230 data
1052 2216 1081 2230 ..

66 2248 175 2304 Ennius
194 2248 223 2302 in
242 2247 372 2302 anelitus
394 2247 471 2318 [ann.
490 2247 539 2304 lib.
559 2246 572 2300 I
591 2247 632 2320 ?];
651 2249 696 2305 lu'c
710 2249 805 2319 posua't
826 2247 940 2302 Merula
955 2246 960 2316 Ι
976 2245 1014 2300 ad
1031 2245 1083 2301 illa

64 2321 133 2387 cod„
150 2320 185 2373 ut
202 2318 256 2373 Ilia
276 2317 456 2375 Gemmels'ass
480 2320 485 2388 Ι
510 2321 600 2390 nupta
616 2322 729 2388 scripsi:
748 2319 867 2388 nuptam
887 2319 944 2375 cod.
963 2320 1084 2388 nuptum

65 2393 150 2463 culpo
163 2391 174 2461 l
188 2395 222 2444 8¹1
234 2388 334 2446 Festus
347 2396 399 2446 888
419 2393 576 2458 remanant,
595 2392 728 2462 repetunt
746 2391 873 2463 [reptent
886 2391 957 2462 coa]
976 2389 1084 2446 Ennius

65 2462 111 2517 1.1
127 2464 132 2534 ι
149 2459 309 2516 destituunt
327 2461 393 2530 (scel.
406 2479 495 2532 aquae
507 2462 626 2532 Tiberis)
641 2462 776 2534 Sculipcr:
796 2462 898 2518 desunt
915 2463 973 2518 cort.
990 2464 994 2530 1
1011 2478 1083 2517 cam·

65 2531 604 2672 ssatltltlzsrtwtstlf
618 2534 1085 2660 Istrtu⁰⁵tt0⁶sttttt

592 2645 598 2659 ·
793 2646 809 2672 ·ι

66 2677 152 2732 lemm.
172 2680 198 2730 ct
216 2681 293 2731 tectu
305 2678 315 2744 l
328 2680 362 2728 88
377 2675 485 2731 Fronto
505 2681 557 2730 160
571 2676 609 2732 N.
629 2675 739 2732 Tiberis
759 2707 792 2718 -
812 2676 918 2731 Ennius
934 2677 939 2744 1
956 2674 1086 2730 consistit

66 2747 126 2803 Iac.
150 2745 299 2802 Bcckcrus:
329 2750 430 2802 const.
446 2747 491 2802 .ti
518 2749 575 2803 cod.
603 2749 700 2803 lactere
722 2749 834 2803 radam
859 2751 863 2814 Ι
888 2746 938 2816 qui
961 2743 1086 2801 omnium

67 2819 139 2886 ιθὼς
164 2817 212 2873 sed
234 2822 304 2874 reste
327 2818 381 2874 huc
399 2819 544 2874 umescit
562 2818 802 2891 Spcmpestcrptus
822 2818 877 2874 Oia
899 2818 945 2874 Or.
966 2823 1013 2886 48,
1034 2823 1085 2874 161

66 2889 109 2944 ita
138 2888 215 2944 enim
237 2887 425 2957 loquebamur
449 2890 510 2960 ‘qui
532 2892 576 2944 est
599 2890 714 2946 omnibu
736 2890 889 2960 princeps’,
908 2905 964 2945 non
985 2890 1086 2945 ‘omni-

67 2959 132 3016 bus’
160 2963 166 3029 Ι
190 2959 240 3028 qui
258 2961 323 3014 sunt
340 2959 425 3016 Italia
441 2962 554 3031 scripsi:
583 2961 632 3029 qui
655 2962 706 3017 sub
726 2961 822 3016 ciuilis
840 2962 897 3016 cod.
917 2961 1017 3017 Frost.
1038 2961 1088 3029 qui

67 3032 120 3086 snb
139 3031 270 3086 caeruleo
290 3031 431 3102 Ilterpius
444 3034 454 3103 ΙΙ
473 3036 506 3086 88
526 3031 603 3088 Seru.
623 3034 661 3088 ad
679 3033 749 3088 Aac.
767 3031 794 3085 Π
812 3037 863 3087 sto
884 3032 960 3103 apud
977 3033 1087 3086 ueteres

68 3105 153 3173 lupus
172 3102 363 3173 promiscuum
378 3104 447 3171 erat,
465 3105 498 3158 ut
512 3102 618 3158 Ennius
633 3104 703 3172 (feta
715 3109 747 3157 1³:
767 3103 844 3159 facta
857 3109 900 3174 c);
919 3102 1020 3158 Festus
1035 3107 1086 3158 286

70 3173 178 3230 Ennius
198 3189 310 3243 quoque
329 3205 363 3214 -
385 3172 464 3244 ‘lupa
482 3173 566 3241 feta’;
586 3176 621 3242 cf.
641 3180 666 3230 et
682 3175 798 3245 Quium.
818 3173 830 3227 I
850 3181 875 3244 8,
898 3179 946 3240 123
965 3175 1017 3230 tus
1034 3180 1087 3231 ret-

70 3247 137 3301 rutis
163 3243 300 3300 Columna
325 3247 336 3315 l
362 3250 394 3299 ⁴1
422 3245 530 3300 ttwris.
559 3250 609 3300 128
630 3245 667 3300 K.
691 3246 737 3301 fici
756 3245 874 3314 Ennium
899 3251 964 3302 emt
988 3248 1037 3317 qui
1054 3263 1088 3302 ex

72 3317 164 3387 Ouprc
183 3322 218 3372 88
236 3317 274 3371 K.
295 3316 433 3372 lactentes
452 3317 521 3372 ficus
539 3318 583 3372 lu'c
601 3334 707 3387 quoque
724 3318 861 3372 lactentes
879 3318 1004 3373 scriberet
1021 3320 1088 3441 &aa

71 3389 223 3456 Nouate,
240 3392 273 3442 18
293 3405 455 3458 parumper,
475 3387 532 3443 cito
551 3391 581 3442 et
597 3389 733 3444 uelociter
753 3430 781 3442 ..
800 3387 906 3442 Ennius
925 3404 987 3441 ann.
1007 3388 1030 3440 lr
1050 3430 1056 3440 .
1076 3386 1089 3438 Ι

72 3459 184 3516 ..idem
202 3458 233 3512 in
252 3459 351 3515 eodem
367 3464 371 3528 Ι
388 3458 437 3513 ubi
452 3459 600 3514 Columnas
619 3459 660 3514 ibi
678 3460 754 3514 codd.
772 3461 777 3526 Ι
794 3457 912 3526 despicit
929 3459 1028 3526 scripsi
1047 3473 1088 3524 cp.

125 3559 282 3600 Rucuma
297 3567 431 3599 rosunum
445 3566 608 3598 scurronum.
860 3551 875 3597 5

1082 249 1122 306 ss

1086 410 1122 465 37

1086 589 1125 645 88

1089 910 1128 966 tt)

1090 1069 1129 1126 40

1094 1655 1131 1711 41

1095 1795 1133 1854 42
