<?xml version="1.0" encoding="UTF-8"?>
<!DOCTYPE html PUBLIC "-//W3C//DTD XHTML 1.0 Transitional//EN"
    "http://www.w3.org/TR/xhtml1/DTD/xhtml1-transitional.dtd">
<html xmlns="http://www.w3.org/1999/xhtml" xml:lang="en" lang="en">
 <head>
  <title>
</title>
<meta http-equiv="Content-Type" content="text/html;charset=utf-8" />
  <meta name='ocr-system' content='tesseract 3.04.00' />
  <meta name='ocr-capabilities' content='ocr_page ocr_carea ocr_par ocr_line ocrx_word'/>
</head>
<body>
  <div class='ocr_page' id='page_1' title='image "./fragmentapoetar00baehgoog_0198.png"; bbox 0 0 2498 3880; ppageno 0'>
   <div class='ocr_carea' id='block_1_1' title="bbox 420 90 712 148">
    <p class='ocr_par' dir='ltr' id='par_1_1' title="bbox 420 90 712 148">
     <span class='ocr_line' id='line_1_1' title="bbox 420 90 712 148; baseline 0 -1"><span class='ocrx_word' id='word_1_1' title='bbox 420 90 546 148; x_wconf 82' lang='lat' dir='ltr'><strong>SATUR.</strong></span> <span class='ocrx_word' id='word_1_2' title='bbox 565 91 634 148; x_wconf 88' lang='lat' dir='ltr'><strong>LIB.</strong></span> <span class='ocrx_word' id='word_1_3' title='bbox 653 91 712 147; x_wconf 92' lang='lat' dir='ltr'>XV.</span> 
     </span>
    </p>
   </div>
   <div class='ocr_carea' id='block_1_2' title="bbox 472 343 658 390">
    <p class='ocr_par' dir='ltr' id='par_1_2' title="bbox 472 343 658 390">
     <span class='ocr_line' id='line_1_2' title="bbox 472 343 658 390; baseline 0.005 -1"><span class='ocrx_word' id='word_1_4' title='bbox 472 343 579 390; x_wconf 83' lang='lat' dir='ltr'><strong>LIBER</strong></span> <span class='ocrx_word' id='word_1_5' title='bbox 603 344 658 390; x_wconf 91' lang='lat' dir='ltr'>XV.</span> 
     </span>
    </p>
   </div>
   <div class='ocr_carea' id='block_1_3' title="bbox 99 465 1144 907">
    <p class='ocr_par' dir='ltr' id='par_1_3' title="bbox 99 465 1144 907">
     <span class='ocr_line' id='line_1_3' title="bbox 100 465 1144 552; baseline 0.002 -22"><span class='ocrx_word' id='word_1_6' title='bbox 100 467 208 532; x_wconf 86' lang='lat' dir='ltr'>multa</span> <span class='ocrx_word' id='word_1_7' title='bbox 230 467 378 533; x_wconf 83' lang='lat' dir='ltr'>homines</span> <span class='ocrx_word' id='word_1_8' title='bbox 401 470 553 552; x_wconf 87' lang='lat' dir='ltr'>portenta</span> <span class='ocrx_word' id='word_1_9' title='bbox 575 468 610 530; x_wconf 96' lang='lat' dir='ltr'>in</span> <span class='ocrx_word' id='word_1_10' title='bbox 632 465 769 532; x_wconf 84' lang='lat' dir='ltr'>Homeri</span> <span class='ocrx_word' id='word_1_11' title='bbox 792 469 940 534; x_wconf 88' lang='lat' dir='ltr'>uersibus</span> <span class='ocrx_word' id='word_1_12' title='bbox 964 471 1041 538; x_wconf 89' lang='lat' dir='ltr'>ficta</span> <span class='ocrx_word' id='word_1_13' title='bbox 1088 477 1144 534; x_wconf 92' lang='grc'>353</span> 
     </span>
     <span class='ocr_line' id='line_1_4' title="bbox 99 555 1007 643; baseline 0.004 -23"><span class='ocrx_word' id='word_1_14' title='bbox 99 559 253 621; x_wconf 86' lang='lat' dir='ltr'>monstra</span> <span class='ocrx_word' id='word_1_15' title='bbox 274 559 406 641; x_wconf 71' lang='lat' dir='ltr'>putant,</span> <span class='ocrx_word' id='word_1_16' title='bbox 431 577 568 640; x_wconf 88' lang='lat' dir='ltr'>quorum</span> <span class='ocrx_word' id='word_1_17' title='bbox 591 556 627 620; x_wconf 94' lang='lat' dir='ltr'>in</span> <span class='ocrx_word' id='word_1_18' title='bbox 648 555 762 641; x_wconf 87' lang='lat' dir='ltr'>primis</span> <span class='ocrx_word' id='word_1_19' title='bbox 787 556 1007 643; x_wconf 84' lang='lat' dir='ltr'><strong>Polyphemus</strong></span> 
     </span>
     <span class='ocr_line' id='line_1_5' title="bbox 101 643 1073 818; baseline 0.001 -20"><span class='ocrx_word' id='word_1_20' title='bbox 101 731 243 818; x_wconf 80' lang='lat' dir='ltr'>Cyclops</span> <span class='ocrx_word' id='word_1_21' title='bbox 266 732 386 816; x_wconf 82' lang='lat' dir='ltr'>longua</span> <span class='ocrx_word' id='word_1_22' title='bbox 409 732 507 818; x_wconf 87' lang='lat' dir='ltr'>pedes</span> <span class='ocrx_word' id='word_1_23' title='bbox 531 736 564 797; x_wconf 91' lang='lat' dir='ltr'>et</span> <span class='ocrx_word' id='word_1_24' title='bbox 582 643 902 818; x_wconf 62' lang='lat' dir='ltr'>porildelldidsmaius</span> <span class='ocrx_word' id='word_1_25' title='bbox 920 735 1073 800; x_wconf 83' lang='lat' dir='ltr'>bacillum</span> 
     </span>
     <span class='ocr_line' id='line_1_6' title="bbox 102 819 922 907; baseline 0.002 -21"><span class='ocrx_word' id='word_1_26' title='bbox 102 843 203 907; x_wconf 89' lang='lat' dir='ltr'>quam</span> <span class='ocrx_word' id='word_1_27' title='bbox 226 822 332 886; x_wconf 84' lang='lat' dir='ltr'>malus</span> <span class='ocrx_word' id='word_1_28' title='bbox 355 821 433 886; x_wconf 91' lang='lat' dir='ltr'>naui</span> <span class='ocrx_word' id='word_1_29' title='bbox 455 822 491 886; x_wconf 92' lang='lat' dir='ltr'>in</span> <span class='ocrx_word' id='word_1_30' title='bbox 514 819 639 887; x_wconf 90' lang='lat' dir='ltr'>corbita</span> <span class='ocrx_word' id='word_1_31' title='bbox 661 822 822 888; x_wconf 84' lang='lat' dir='ltr'>maximus</span> <span class='ocrx_word' id='word_1_32' title='bbox 845 824 922 888; x_wconf 90' lang='lat' dir='ltr'>ulla.</span> 
     </span>
    </p>
   </div>
   <div class='ocr_carea' id='block_1_4' title="bbox 52 979 1145 1511">
    <p class='ocr_par' dir='ltr' id='par_1_4' title="bbox 99 979 1145 1330">
     <span class='ocr_line' id='line_1_7' title="bbox 100 979 1145 1068; baseline -0.001 -22"><span class='ocrx_word' id='word_1_33' title='bbox 100 981 274 1046; x_wconf 79' lang='lat' dir='ltr'>terriculas</span> <span class='ocrx_word' id='word_1_34' title='bbox 296 980 442 1066; x_wconf 81' lang='lat' dir='ltr'>Lamias,</span> <span class='ocrx_word' id='word_1_35' title='bbox 465 979 569 1046; x_wconf 84' lang='lat' dir='ltr'>Fauni</span> <span class='ocrx_word' id='word_1_36' title='bbox 593 1003 674 1065; x_wconf 86' lang='lat' dir='ltr'>quas</span> <span class='ocrx_word' id='word_1_37' title='bbox 697 981 915 1068; x_wconf 82' lang='lat' dir='ltr'>Pompiliique</span> <span class='ocrx_word' id='word_1_38' title='bbox 1088 989 1145 1046; x_wconf 88' lang='grc'>354</span> 
     </span>
     <span class='ocr_line' id='line_1_8' title="bbox 99 1067 985 1157; baseline 0.002 -23"><span class='ocrx_word' id='word_1_39' title='bbox 99 1069 272 1134; x_wconf 89' lang='lat' dir='ltr'>instituere</span> <span class='ocrx_word' id='word_1_40' title='bbox 286 1067 437 1154; x_wconf 62' lang='lat' dir='ltr'>Numae,</span> <span class='ocrx_word' id='word_1_41' title='bbox 460 1069 586 1154; x_wconf 86' lang='lat' dir='ltr'>tramit,</span> <span class='ocrx_word' id='word_1_42' title='bbox 609 1070 669 1136; x_wconf 89' lang='lat' dir='ltr'>has</span> <span class='ocrx_word' id='word_1_43' title='bbox 692 1071 857 1137; x_wconf 86' lang='lat' dir='ltr'>insomnia</span> <span class='ocrx_word' id='word_1_44' title='bbox 878 1073 985 1157; x_wconf 89' lang='lat' dir='ltr'>ponit:</span> 
     </span>
     <span class='ocr_line' id='line_1_9' title="bbox 101 1157 956 1244; baseline 0.002 -20"><span class='ocrx_word' id='word_1_45' title='bbox 101 1162 142 1224; x_wconf 92' lang='lat' dir='ltr'>ut</span> <span class='ocrx_word' id='word_1_46' title='bbox 163 1158 256 1243; x_wconf 90' lang='lat' dir='ltr'>pueri</span> <span class='ocrx_word' id='word_1_47' title='bbox 278 1157 419 1222; x_wconf 86' lang='lat' dir='ltr'>infantes</span> <span class='ocrx_word' id='word_1_48' title='bbox 443 1158 578 1223; x_wconf 91' lang='lat' dir='ltr'>credunt</span> <span class='ocrx_word' id='word_1_49' title='bbox 602 1158 697 1244; x_wconf 84' lang='lat' dir='ltr'>signa</span> <span class='ocrx_word' id='word_1_50' title='bbox 720 1161 829 1224; x_wconf 89' lang='lat' dir='ltr'>omnia</span> <span class='ocrx_word' id='word_1_51' title='bbox 852 1161 956 1226; x_wconf 88' lang='lat' dir='ltr'>ahena</span> 
     </span>
     <span class='ocr_line' id='line_1_10' title="bbox 100 1247 949 1330; baseline 0.004 -18"><span class='ocrx_word' id='word_1_52' title='bbox 100 1248 214 1312; x_wconf 89' lang='lat' dir='ltr'>uiuere</span> <span class='ocrx_word' id='word_1_53' title='bbox 237 1250 271 1311; x_wconf 91' lang='lat' dir='ltr'>et</span> <span class='ocrx_word' id='word_1_54' title='bbox 294 1268 365 1312; x_wconf 86' lang='lat' dir='ltr'>esse</span> <span class='ocrx_word' id='word_1_55' title='bbox 387 1247 549 1330; x_wconf 86' lang='lat' dir='ltr'>homines,</span> <span class='ocrx_word' id='word_1_56' title='bbox 574 1247 620 1312; x_wconf 87' lang='lat' dir='ltr'>sic</span> <span class='ocrx_word' id='word_1_57' title='bbox 643 1247 699 1312; x_wconf 88' lang='lat' dir='ltr'>isti</span> <span class='ocrx_word' id='word_1_58' title='bbox 723 1249 850 1313; x_wconf 89' lang='lat' dir='ltr'>somnia</span> <span class='ocrx_word' id='word_1_59' title='bbox 872 1250 949 1315; x_wconf 90' lang='lat' dir='ltr'>ficta</span> 
     </span>
    </p>

    <p class='ocr_par' dir='ltr' id='par_1_5' title="bbox 52 1335 1030 1511">
     <span class='ocr_line' id='line_1_11' title="bbox 52 1335 1030 1421; baseline 0 -19"><span class='ocrx_word' id='word_1_60' title='bbox 52 1354 70 1402; x_wconf 83' lang='grc'>5</span> <span class='ocrx_word' id='word_1_61' title='bbox 100 1357 182 1401; x_wconf 91' lang='lat' dir='ltr'>uera</span> <span class='ocrx_word' id='word_1_62' title='bbox 204 1338 336 1421; x_wconf 87' lang='lat' dir='ltr'>putant,</span> <span class='ocrx_word' id='word_1_63' title='bbox 360 1335 494 1400; x_wconf 89' lang='lat' dir='ltr'>credunt</span> <span class='ocrx_word' id='word_1_64' title='bbox 517 1335 620 1421; x_wconf 82' lang='lat' dir='ltr'>signis</span> <span class='ocrx_word' id='word_1_65' title='bbox 644 1357 700 1401; x_wconf 93' lang='lat' dir='ltr'>cor</span> <span class='ocrx_word' id='word_1_66' title='bbox 721 1337 827 1402; x_wconf 88' lang='lat' dir='ltr'>inesse</span> <span class='ocrx_word' id='word_1_67' title='bbox 850 1337 885 1402; x_wconf 92' lang='lat' dir='ltr'>in</span> <span class='ocrx_word' id='word_1_68' title='bbox 908 1337 1030 1403; x_wconf 82' lang='lat' dir='ltr'>ahenis.</span> 
     </span>
     <span class='ocr_line' id='line_1_12' title="bbox 100 1424 871 1511; baseline 0.004 -23"><span class='ocrx_word' id='word_1_69' title='bbox 100 1425 242 1510; x_wconf 84' lang='lat' dir='ltr'>pergula</span> <span class='ocrx_word' id='word_1_70' title='bbox 264 1424 414 1490; x_wconf 92' lang='lat' dir='ltr'>fictorum</span> <span class='ocrx_word' id='word_1_71' title='bbox 438 1424 508 1489; x_wconf 88' lang='lat' dir='ltr'>ueri</span> <span class='ocrx_word' id='word_1_72' title='bbox 530 1424 625 1511; x_wconf 81' lang='lat' dir='ltr'>nihil,</span> <span class='ocrx_word' id='word_1_73' title='bbox 649 1425 759 1490; x_wconf 90' lang='lat' dir='ltr'>omnia</span> <span class='ocrx_word' id='word_1_74' title='bbox 781 1426 871 1491; x_wconf 81' lang='lat' dir='ltr'>ficta!</span> 
     </span>
    </p>
   </div>
   <div class='ocr_carea' id='block_1_5' title="bbox 100 1582 1143 1760">
    <p class='ocr_par' dir='ltr' id='par_1_6' title="bbox 100 1582 1143 1760">
     <span class='ocr_line' id='line_1_13' title="bbox 100 1582 1143 1671; baseline 0.002 -23"><span class='ocrx_word' id='word_1_75' title='bbox 100 1584 236 1649; x_wconf 91' lang='lat' dir='ltr'>uilicum</span> <span class='ocrx_word' id='word_1_76' title='bbox 250 1582 498 1666; x_wconf 87' lang='lat' dir='ltr'>Aristocratem,</span> <span class='ocrx_word' id='word_1_77' title='bbox 516 1584 763 1650; x_wconf 85' lang='lat' dir='ltr'>mediastrinum</span> <span class='ocrx_word' id='word_1_78' title='bbox 778 1589 874 1671; x_wconf 86' lang='lat' dir='ltr'>atqua</span> <span class='ocrx_word' id='word_1_79' title='bbox 889 1585 1074 1671; x_wconf 92' lang='lat' dir='ltr'>bubulcum,</span> <span class='ocrx_word' id='word_1_80' title='bbox 1088 1592 1143 1650; x_wconf 93' lang='grc'>355</span> 
     </span>
     <span class='ocr_line' id='line_1_14' title="bbox 102 1672 895 1760; baseline 0.001 -21"><span class='ocrx_word' id='word_1_81' title='bbox 102 1672 377 1739; x_wconf 74' lang='lat' dir='ltr'>conmanducatae</span> <span class='ocrx_word' id='word_1_82' title='bbox 402 1674 566 1759; x_wconf 89' lang='lat' dir='ltr'>conrupit,</span> <span class='ocrx_word' id='word_1_83' title='bbox 589 1673 630 1738; x_wconf 89' lang='lat' dir='ltr'>ad</span> <span class='ocrx_word' id='word_1_84' title='bbox 652 1673 754 1739; x_wconf 86' lang='lat' dir='ltr'>incita</span> <span class='ocrx_word' id='word_1_85' title='bbox 777 1675 895 1760; x_wconf 79' lang='lat' dir='ltr'>adegit.</span> 
     </span>
    </p>
   </div>
   <div class='ocr_carea' id='block_1_6' title="bbox 100 1832 1145 1926">
    <p class='ocr_par' dir='ltr' id='par_1_7' title="bbox 100 1832 1145 1926">
     <span class='ocr_line' id='line_1_15' title="bbox 100 1832 1145 1926; baseline 0.002 -32"><span class='ocrx_word' id='word_1_86' title='bbox 100 1860 183 1893; x_wconf 65' lang='lat' dir='ltr'>m</span> <span class='ocrx_word' id='word_1_87' title='bbox 200 1882 218 1891; x_wconf 92' lang='lat'>-</span> <span class='ocrx_word' id='word_1_88' title='bbox 235 1863 281 1890; x_wconf 76' lang='grc' dir='ltr'>υυ</span> <span class='ocrx_word' id='word_1_89' title='bbox 304 1836 339 1896; x_wconf 90' lang='grc'>55</span> <span class='ocrx_word' id='word_1_90' title='bbox 361 1832 417 1916; x_wconf 94' lang='lat' dir='ltr'>qui</span> <span class='ocrx_word' id='word_1_91' title='bbox 440 1853 590 1897; x_wconf 89' lang='lat' dir='ltr'>nummos</span> <span class='ocrx_word' id='word_1_92' title='bbox 614 1833 721 1898; x_wconf 88' lang='lat' dir='ltr'>tristis</span> <span class='ocrx_word' id='word_1_93' title='bbox 744 1835 887 1926; x_wconf 82' lang='lat' dir='ltr'>inuncet.</span> <span class='ocrx_word' id='word_1_94' title='bbox 1088 1841 1145 1898; x_wconf 86' lang='grc'>353</span> 
     </span>
    </p>
   </div>
   <div class='ocr_carea' id='block_1_7' title="bbox 54 2010 273 2022">
    <p class='ocr_par' dir='ltr' id='par_1_8' title="bbox 54 2010 273 2022">
     <span class='ocr_line' id='line_1_16' title="bbox 54 2010 273 2022; baseline -0.009 -2"><span class='ocrx_word' id='word_1_95' title='bbox 54 2010 273 2022; x_wconf 77' lang='grc'>---</span> 
     </span>
    </p>
   </div>
   <div class='ocr_carea' id='block_1_8' title="bbox 51 2111 1075 3546">
    <p class='ocr_par' dir='ltr' id='par_1_9' title="bbox 51 2111 1075 3546">
     <span class='ocr_line' id='line_1_17' title="bbox 130 2111 1075 2185; baseline 0 -17"><span class='ocrx_word' id='word_1_96' title='bbox 130 2119 183 2168; x_wconf 87' lang='grc'>353</span> <span class='ocrx_word' id='word_1_97' title='bbox 201 2113 276 2168; x_wconf 79' lang='lat' dir='ltr'>Non.</span> <span class='ocrx_word' id='word_1_98' title='bbox 295 2117 356 2180; x_wconf 92' lang='grc'>533,</span> <span class='ocrx_word' id='word_1_99' title='bbox 377 2118 410 2168; x_wconf 90' lang='grc'>10</span> <span class='ocrx_word' id='word_1_100' title='bbox 430 2113 540 2168; x_wconf 89' lang='lat' dir='ltr'>corbita</span> <span class='ocrx_word' id='word_1_101' title='bbox 554 2154 560 2167; x_wconf 94' lang='lat'><strong>.</strong></span> <span class='ocrx_word' id='word_1_102' title='bbox 576 2155 582 2167; x_wconf 94' lang='lat'>.</span> <span class='ocrx_word' id='word_1_103' title='bbox 601 2114 632 2168; x_wconf 84' lang='lat' dir='ltr'>L.</span> <span class='ocrx_word' id='word_1_104' title='bbox 652 2115 704 2168; x_wconf 86' lang='grc'>555.</span> <span class='ocrx_word' id='word_1_105' title='bbox 725 2111 775 2166; x_wconf 93' lang='lat' dir='ltr'>lib.</span> <span class='ocrx_word' id='word_1_106' title='bbox 795 2113 847 2167; x_wconf 87' lang='lat' dir='ltr'>XV</span> <span class='ocrx_word' id='word_1_107' title='bbox 863 2113 867 2185; x_wconf 90' lang='grc' dir='ltr'>Ι</span> <span class='ocrx_word' id='word_1_108' title='bbox 884 2114 988 2180; x_wconf 75' lang='grc'>555515,</span> <span class='ocrx_word' id='word_1_109' title='bbox 1008 2115 1075 2170; x_wconf 85' lang='lat' dir='ltr'>fictu</span> 
     </span>
     <span class='ocr_line' id='line_1_18' title="bbox 53 2183 1074 2254; baseline 0 -14"><span class='ocrx_word' id='word_1_110' title='bbox 53 2185 189 2241; x_wconf 79' lang='lat' dir='ltr'>Rottiua:</span> <span class='ocrx_word' id='word_1_111' title='bbox 208 2183 350 2239; x_wconf 80' lang='lat' dir='ltr'>uereificta</span> <span class='ocrx_word' id='word_1_112' title='bbox 368 2188 394 2236; x_wconf 79' lang='lat'>11</span> <span class='ocrx_word' id='word_1_113' title='bbox 411 2190 476 2238; x_wconf 78' lang='grc'>551</span> <span class='ocrx_word' id='word_1_114' title='bbox 496 2190 516 2237; x_wconf 79' lang='lat'>1.</span> <span class='ocrx_word' id='word_1_115' title='bbox 543 2184 704 2240; x_wconf 81' lang='lat' dir='ltr'>uersificata</span> <span class='ocrx_word' id='word_1_116' title='bbox 731 2189 789 2236; x_wconf 80' lang='grc'>311.</span> <span class='ocrx_word' id='word_1_117' title='bbox 800 2201 835 2239; x_wconf 89' lang='lat' dir='ltr'>m.</span> <span class='ocrx_word' id='word_1_118' title='bbox 850 2191 867 2239; x_wconf 90' lang='grc'>3</span> <span class='ocrx_word' id='word_1_119' title='bbox 891 2185 954 2254; x_wconf 80' lang='lat' dir='ltr'>(quo</span> <span class='ocrx_word' id='word_1_120' title='bbox 972 2189 1074 2240; x_wconf 80' lang='lat' dir='ltr'>retcato</span> 
     </span>
     <span class='ocr_line' id='line_1_19' title="bbox 52 2255 1073 2326; baseline 0 -15"><span class='ocrx_word' id='word_1_121' title='bbox 52 2255 179 2311; x_wconf 89' lang='lat' dir='ltr'>Homero</span> <span class='ocrx_word' id='word_1_122' title='bbox 190 2256 339 2324; x_wconf 77' lang='lat' dir='ltr'>Reatinus)</span> <span class='ocrx_word' id='word_1_123' title='bbox 356 2258 360 2324; x_wconf 84' lang='grc'>1</span> <span class='ocrx_word' id='word_1_124' title='bbox 377 2255 758 2326; x_wconf 77' lang='lat' dir='ltr'>apolyf.a4ba(a)ehi11um</span> <span class='ocrx_word' id='word_1_125' title='bbox 773 2256 848 2311; x_wconf 82' lang='lat' dir='ltr'>codd.</span> <span class='ocrx_word' id='word_1_126' title='bbox 866 2257 870 2326; x_wconf 91' lang='grc' dir='ltr'>Ι</span> <span class='ocrx_word' id='word_1_127' title='bbox 886 2255 953 2310; x_wconf 89' lang='lat' dir='ltr'>naui</span> <span class='ocrx_word' id='word_1_128' title='bbox 962 2255 1073 2311; x_wconf 76' lang='lat' dir='ltr'>Doara:</span> 
     </span>
     <span class='ocr_line' id='line_1_20' title="bbox 53 2324 1075 2396; baseline -0.001 -14"><span class='ocrx_word' id='word_1_129' title='bbox 53 2327 138 2382; x_wconf 82' lang='lat' dir='ltr'>nauis</span> <span class='ocrx_word' id='word_1_130' title='bbox 152 2327 229 2382; x_wconf 81' lang='lat' dir='ltr'>codd.</span> <span class='ocrx_word' id='word_1_131' title='bbox 244 2329 253 2396; x_wconf 70' lang='lat' dir='ltr'>ss</span> <span class='ocrx_word' id='word_1_132' title='bbox 267 2331 318 2380; x_wconf 90' lang='grc'>354</span> <span class='ocrx_word' id='word_1_133' title='bbox 331 2325 461 2382; x_wconf 69' lang='lat' dir='ltr'>Luctum.</span> <span class='ocrx_word' id='word_1_134' title='bbox 476 2327 489 2380; x_wconf 93' lang='grc' dir='ltr'>Ι</span> <span class='ocrx_word' id='word_1_135' title='bbox 504 2331 547 2393; x_wconf 91' lang='grc'>33,</span> <span class='ocrx_word' id='word_1_136' title='bbox 564 2332 597 2381; x_wconf 88' lang='grc'>13</span> <span class='ocrx_word' id='word_1_137' title='bbox 611 2343 678 2381; x_wconf 85' lang='lat' dir='ltr'>nam</span> <span class='ocrx_word' id='word_1_138' title='bbox 692 2324 723 2382; x_wconf 85' lang='lat' dir='ltr'>L.</span> <span class='ocrx_word' id='word_1_139' title='bbox 738 2343 833 2381; x_wconf 88' lang='lat' dir='ltr'>eorum</span> <span class='ocrx_word' id='word_1_140' title='bbox 847 2327 1007 2395; x_wconf 81' lang='lat' dir='ltr'>stultitiam,</span> <span class='ocrx_word' id='word_1_141' title='bbox 1026 2326 1075 2396; x_wconf 87' lang='lat' dir='ltr'>qui</span> 
     </span>
     <span class='ocr_line' id='line_1_21' title="bbox 55 2397 1075 2468; baseline 0 -14"><span class='ocrx_word' id='word_1_142' title='bbox 55 2398 208 2454; x_wconf 83' lang='lat' dir='ltr'>simulacra</span> <span class='ocrx_word' id='word_1_143' title='bbox 226 2397 294 2453; x_wconf 83' lang='lat' dir='ltr'>deos</span> <span class='ocrx_word' id='word_1_144' title='bbox 311 2399 415 2467; x_wconf 90' lang='lat' dir='ltr'>putant</span> <span class='ocrx_word' id='word_1_145' title='bbox 433 2413 502 2465; x_wconf 86' lang='lat' dir='ltr'>esse,</span> <span class='ocrx_word' id='word_1_146' title='bbox 521 2397 633 2453; x_wconf 84' lang='lat' dir='ltr'>deridet</span> <span class='ocrx_word' id='word_1_147' title='bbox 651 2397 695 2452; x_wconf 86' lang='lat' dir='ltr'>his</span> <span class='ocrx_word' id='word_1_148' title='bbox 714 2397 853 2466; x_wconf 79' lang='lat' dir='ltr'>uersibna3</span> <span class='ocrx_word' id='word_1_149' title='bbox 873 2399 944 2454; x_wconf 73' lang='lat' dir='ltr'>idem</span> <span class='ocrx_word' id='word_1_150' title='bbox 961 2400 1075 2468; x_wconf 79' lang='lat' dir='ltr'>epitoma</span> 
     </span>
     <span class='ocr_line' id='line_1_22' title="bbox 54 2468 1074 2538; baseline 0 -14"><span class='ocrx_word' id='word_1_151' title='bbox 54 2475 105 2536; x_wconf 74' lang='lat'>223</span> <span class='ocrx_word' id='word_1_152' title='bbox 124 2469 199 2524; x_wconf 80' lang='lat' dir='ltr'>Non.</span> <span class='ocrx_word' id='word_1_153' title='bbox 216 2473 263 2534; x_wconf 87' lang='grc'>55,</span> <span class='ocrx_word' id='word_1_154' title='bbox 282 2473 315 2522; x_wconf 90' lang='grc'>33</span> <span class='ocrx_word' id='word_1_155' title='bbox 334 2468 427 2524; x_wconf 81' lang='lat' dir='ltr'>infans</span> <span class='ocrx_word' id='word_1_156' title='bbox 447 2509 476 2524; x_wconf 87' lang='lat'>..</span> <span class='ocrx_word' id='word_1_157' title='bbox 496 2468 527 2522; x_wconf 84' lang='lat' dir='ltr'>L.</span> <span class='ocrx_word' id='word_1_158' title='bbox 547 2510 577 2524; x_wconf 90' lang='lat'>..</span> <span class='ocrx_word' id='word_1_159' title='bbox 597 2468 648 2523; x_wconf 93' lang='lat' dir='ltr'>XV</span> <span class='ocrx_word' id='word_1_160' title='bbox 668 2469 750 2538; x_wconf 87' lang='grc'>(3-4</span> <span class='ocrx_word' id='word_1_161' title='bbox 767 2469 906 2538; x_wconf 86' lang='lat' dir='ltr'>homines)</span> <span class='ocrx_word' id='word_1_162' title='bbox 927 2472 931 2537; x_wconf 76' lang='grc' dir='ltr'>Ι</span> <span class='ocrx_word' id='word_1_163' title='bbox 954 2475 967 2524; x_wconf 92' lang='grc'>1</span> <span class='ocrx_word' id='word_1_164' title='bbox 992 2469 1074 2524; x_wconf 88' lang='lat' dir='ltr'>terri-</span> 
     </span>
     <span class='ocr_line' id='line_1_23' title="bbox 54 2539 1074 2612; baseline 0 -16"><span class='ocrx_word' id='word_1_165' title='bbox 54 2541 134 2597; x_wconf 82' lang='lat' dir='ltr'>colas</span> <span class='ocrx_word' id='word_1_166' title='bbox 151 2544 229 2592; x_wconf 78' lang='grc'>3711</span> <span class='ocrx_word' id='word_1_167' title='bbox 245 2546 249 2604; x_wconf 82' lang='grc' dir='ltr'>Ι</span> <span class='ocrx_word' id='word_1_168' title='bbox 264 2539 422 2609; x_wconf 86' lang='lat' dir='ltr'>Pompiliq;</span> <span class='ocrx_word' id='word_1_169' title='bbox 440 2543 495 2592; x_wconf 76' lang='lat' dir='ltr'>RE</span> <span class='ocrx_word' id='word_1_170' title='bbox 521 2545 525 2604; x_wconf 84' lang='grc' dir='ltr'>ι</span> <span class='ocrx_word' id='word_1_171' title='bbox 550 2546 566 2594; x_wconf 92' lang='grc'>3</span> <span class='ocrx_word' id='word_1_172' title='bbox 584 2539 706 2612; x_wconf 84' lang='lat' dir='ltr'>Numae]</span> <span class='ocrx_word' id='word_1_173' title='bbox 725 2556 828 2595; x_wconf 91' lang='lat' dir='ltr'>nomen</span> <span class='ocrx_word' id='word_1_174' title='bbox 845 2545 865 2594; x_wconf 80' lang='grc'>3</span> <span class='ocrx_word' id='word_1_175' title='bbox 883 2547 887 2605; x_wconf 91' lang='grc' dir='ltr'>Ι</span> <span class='ocrx_word' id='word_1_176' title='bbox 908 2542 958 2596; x_wconf 88' lang='grc'>555</span> <span class='ocrx_word' id='word_1_177' title='bbox 978 2541 1009 2596; x_wconf 81' lang='lat' dir='ltr'>iu</span> <span class='ocrx_word' id='word_1_178' title='bbox 1028 2558 1074 2596; x_wconf 88' lang='grc'>555</span> 
     </span>
     <span class='ocr_line' id='line_1_24' title="bbox 54 2609 1075 2684; baseline -0.002 -16"><span class='ocrx_word' id='word_1_179' title='bbox 54 2627 126 2668; x_wconf 81' lang='lat' dir='ltr'>corr.</span> <span class='ocrx_word' id='word_1_180' title='bbox 146 2628 181 2666; x_wconf 82' lang='lat' dir='ltr'>m.</span> <span class='ocrx_word' id='word_1_181' title='bbox 199 2616 215 2664; x_wconf 92' lang='grc'>3</span> <span class='ocrx_word' id='word_1_182' title='bbox 233 2615 254 2663; x_wconf 75' lang='lat' dir='ltr'>B</span> <span class='ocrx_word' id='word_1_183' title='bbox 277 2609 417 2666; x_wconf 76' lang='lat' dir='ltr'>tramittas</span> <span class='ocrx_word' id='word_1_184' title='bbox 435 2615 461 2663; x_wconf 80' lang='lat'>11</span> <span class='ocrx_word' id='word_1_185' title='bbox 486 2613 490 2680; x_wconf 76' lang='grc' dir='ltr'>Ι</span> <span class='ocrx_word' id='word_1_186' title='bbox 515 2612 599 2682; x_wconf 77' lang='lat' dir='ltr'>aalyo</span> <span class='ocrx_word' id='word_1_187' title='bbox 617 2616 681 2681; x_wconf 76' lang='lat' dir='ltr'>post</span> <span class='ocrx_word' id='word_1_188' title='bbox 704 2612 757 2666; x_wconf 85' lang='grc'>555</span> <span class='ocrx_word' id='word_1_189' title='bbox 778 2627 881 2668; x_wconf 82' lang='lat' dir='ltr'>comma</span> <span class='ocrx_word' id='word_1_190' title='bbox 905 2611 910 2684; x_wconf 81' lang='grc' dir='ltr'>Ι</span> <span class='ocrx_word' id='word_1_191' title='bbox 936 2610 1075 2667; x_wconf 88' lang='lat' dir='ltr'>insomnia</span> 
     </span>
     <span class='ocr_line' id='line_1_25' title="bbox 52 2681 1075 2753; baseline -0.002 -13"><span class='ocrx_word' id='word_1_192' title='bbox 52 2683 167 2753; x_wconf 67' lang='lat' dir='ltr'>scripsit</span> <span class='ocrx_word' id='word_1_193' title='bbox 191 2682 238 2736; x_wconf 91' lang='lat' dir='ltr'>hic</span> <span class='ocrx_word' id='word_1_194' title='bbox 257 2681 353 2737; x_wconf 89' lang='lat' dir='ltr'>omnia</span> <span class='ocrx_word' id='word_1_195' title='bbox 371 2683 448 2738; x_wconf 81' lang='lat' dir='ltr'>codd.</span> <span class='ocrx_word' id='word_1_196' title='bbox 467 2684 528 2738; x_wconf 71' lang='grc'>5555</span> <span class='ocrx_word' id='word_1_197' title='bbox 544 2697 625 2738; x_wconf 76' lang='lat' dir='ltr'>seusu</span> <span class='ocrx_word' id='word_1_198' title='bbox 643 2682 714 2736; x_wconf 84' lang='lat' dir='ltr'>haec</span> <span class='ocrx_word' id='word_1_199' title='bbox 733 2681 828 2738; x_wconf 88' lang='lat' dir='ltr'>omina</span> <span class='ocrx_word' id='word_1_200' title='bbox 847 2683 1000 2739; x_wconf 78' lang='lat' dir='ltr'>Muellerus</span> <span class='ocrx_word' id='word_1_201' title='bbox 1017 2697 1075 2738; x_wconf 80' lang='lat' dir='ltr'>uon</span> 
     </span>
     <span class='ocr_line' id='line_1_26' title="bbox 53 2753 1074 2824; baseline -0.002 -14"><span class='ocrx_word' id='word_1_202' title='bbox 53 2754 150 2810; x_wconf 77' lang='lat' dir='ltr'>minus</span> <span class='ocrx_word' id='word_1_203' title='bbox 163 2753 276 2822; x_wconf 73' lang='grc'>555555,</span> <span class='ocrx_word' id='word_1_204' title='bbox 290 2753 427 2809; x_wconf 77' lang='lat' dir='ltr'>habeatur</span> <span class='ocrx_word' id='word_1_205' title='bbox 435 2755 574 2824; x_wconf 77' lang='lat' dir='ltr'>prouisis</span> <span class='ocrx_word' id='word_1_206' title='bbox 586 2754 730 2810; x_wconf 73' lang='grc'>55555555</span> <span class='ocrx_word' id='word_1_207' title='bbox 746 2755 750 2822; x_wconf 90' lang='grc' dir='ltr'>Ι</span> <span class='ocrx_word' id='word_1_208' title='bbox 767 2759 783 2808; x_wconf 97' lang='grc'>3</span> <span class='ocrx_word' id='word_1_209' title='bbox 797 2757 827 2809; x_wconf 86' lang='grc'>55</span> <span class='ocrx_word' id='word_1_210' title='bbox 841 2754 914 2810; x_wconf 83' lang='lat' dir='ltr'>Noa.</span> <span class='ocrx_word' id='word_1_211' title='bbox 932 2761 936 2819; x_wconf 90' lang='grc'>1</span> <span class='ocrx_word' id='word_1_212' title='bbox 953 2754 1074 2810; x_wconf 85' lang='lat' dir='ltr'>athenae</span> 
     </span>
     <span class='ocr_line' id='line_1_27' title="bbox 53 2823 1073 2896; baseline 0.003 -18"><span class='ocrx_word' id='word_1_213' title='bbox 53 2831 79 2878; x_wconf 74' lang='lat' dir='ltr'>B</span> <span class='ocrx_word' id='word_1_214' title='bbox 106 2824 212 2880; x_wconf 87' lang='lat' dir='ltr'>athena</span> <span class='ocrx_word' id='word_1_215' title='bbox 234 2829 260 2877; x_wconf 78' lang='lat' dir='ltr'>E</span> <span class='ocrx_word' id='word_1_216' title='bbox 282 2841 370 2880; x_wconf 89' lang='lat' dir='ltr'>aenea</span> <span class='ocrx_word' id='word_1_217' title='bbox 393 2829 413 2878; x_wconf 80' lang='grc'>3</span> <span class='ocrx_word' id='word_1_218' title='bbox 442 2825 781 2892; x_wconf 64' lang='lat' dir='ltr'>acaemetarum</span> <span class='ocrx_word' id='word_1_219' title='bbox 804 2825 1046 2881; x_wconf 78' lang='lat' dir='ltr'>enaNou.codd.</span> <span class='ocrx_word' id='word_1_220' title='bbox 1069 2823 1073 2896; x_wconf 74' lang='lat' dir='ltr'>l</span> 
     </span>
     <span class='ocr_line' id='line_1_28' title="bbox 54 2894 1074 2965; baseline -0.005 -14"><span class='ocrx_word' id='word_1_221' title='bbox 54 2903 73 2951; x_wconf 92' lang='grc'>4</span> <span class='ocrx_word' id='word_1_222' title='bbox 97 2894 208 2950; x_wconf 82' lang='lat' dir='ltr'>somnia</span> <span class='ocrx_word' id='word_1_223' title='bbox 229 2895 357 2952; x_wconf 73' lang='lat' dir='ltr'>Lartem:</span> <span class='ocrx_word' id='word_1_224' title='bbox 386 2895 481 2951; x_wconf 87' lang='lat' dir='ltr'>omnia</span> <span class='ocrx_word' id='word_1_225' title='bbox 508 2896 585 2952; x_wconf 83' lang='lat' dir='ltr'>codd.</span> <span class='ocrx_word' id='word_1_226' title='bbox 615 2894 705 2965; x_wconf 86' lang='lat' dir='ltr'>(istice</span> <span class='ocrx_word' id='word_1_227' title='bbox 733 2895 842 2964; x_wconf 74' lang='lat' dir='ltr'>Deuca)</span> <span class='ocrx_word' id='word_1_228' title='bbox 868 2897 872 2965; x_wconf 89' lang='grc' dir='ltr'>Ι</span> <span class='ocrx_word' id='word_1_229' title='bbox 898 2900 914 2948; x_wconf 90' lang='grc'>5</span> <span class='ocrx_word' id='word_1_230' title='bbox 938 2895 1036 2951; x_wconf 82' lang='lat' dir='ltr'>haenis</span> <span class='ocrx_word' id='word_1_231' title='bbox 1055 2901 1074 2946; x_wconf 74' lang='grc'>3</span> 
     </span>
     <span class='ocr_line' id='line_1_29' title="bbox 52 2965 1074 3038; baseline -0.005 -14"><span class='ocrx_word' id='word_1_232' title='bbox 52 2965 260 3024; x_wconf 74' lang='grc'>5555533715</span> <span class='ocrx_word' id='word_1_233' title='bbox 279 2967 340 3022; x_wconf 85' lang='lat' dir='ltr'>anis</span> <span class='ocrx_word' id='word_1_234' title='bbox 358 2971 378 3020; x_wconf 80' lang='grc'>3</span> <span class='ocrx_word' id='word_1_235' title='bbox 396 2972 400 3035; x_wconf 88' lang='grc' dir='ltr'>Ι</span> <span class='ocrx_word' id='word_1_236' title='bbox 417 2974 433 3022; x_wconf 88' lang='grc'>3</span> <span class='ocrx_word' id='word_1_237' title='bbox 451 2967 569 3038; x_wconf 72' lang='lat' dir='ltr'>pergula</span> <span class='ocrx_word' id='word_1_238' title='bbox 587 2971 612 3019; x_wconf 80' lang='grc'>3,</span> <span class='ocrx_word' id='word_1_239' title='bbox 635 2967 746 3036; x_wconf 82' lang='lat' dir='ltr'>pergila</span> <span class='ocrx_word' id='word_1_240' title='bbox 764 2971 789 3018; x_wconf 81' lang='grc' dir='ltr'><strong>Η</strong></span> <span class='ocrx_word' id='word_1_241' title='bbox 807 2967 923 3036; x_wconf 88' lang='lat' dir='ltr'>percula</span> <span class='ocrx_word' id='word_1_242' title='bbox 940 2965 1074 3035; x_wconf 75' lang='grc'>715555-</span> 
     </span>
     <span class='ocr_line' id='line_1_30' title="bbox 53 3035 1073 3108; baseline -0.003 -14"><span class='ocrx_word' id='word_1_243' title='bbox 53 3055 119 3094; x_wconf 87' lang='lat' dir='ltr'>rum</span> <span class='ocrx_word' id='word_1_244' title='bbox 134 3037 222 3093; x_wconf 80' lang='lat' dir='ltr'>Mora</span> <span class='ocrx_word' id='word_1_245' title='bbox 235 3043 268 3094; x_wconf 81' lang='grc'>55</span> <span class='ocrx_word' id='word_1_246' title='bbox 283 3037 353 3094; x_wconf 73' lang='lat' dir='ltr'>na.</span> <span class='ocrx_word' id='word_1_247' title='bbox 371 3044 417 3094; x_wconf 75' lang='lat'>1⁷:</span> <span class='ocrx_word' id='word_1_248' title='bbox 436 3039 576 3108; x_wconf 86' lang='lat' dir='ltr'>pictorum</span> <span class='ocrx_word' id='word_1_249' title='bbox 590 3039 677 3105; x_wconf 72' lang='lat' dir='ltr'>codol,</span> <span class='ocrx_word' id='word_1_250' title='bbox 692 3043 756 3108; x_wconf 75' lang='lat' dir='ltr'>post</span> <span class='ocrx_word' id='word_1_251' title='bbox 769 3039 843 3106; x_wconf 72' lang='lat' dir='ltr'>quod</span> <span class='ocrx_word' id='word_1_252' title='bbox 855 3038 940 3108; x_wconf 70' lang='lat' dir='ltr'>uulua</span> <span class='ocrx_word' id='word_1_253' title='bbox 954 3035 1073 3107; x_wconf 66' lang='lat' dir='ltr'>commui</span> 
     </span>
     <span class='ocr_line' id='line_1_31' title="bbox 52 3106 1074 3182; baseline -0.003 -18"><span class='ocrx_word' id='word_1_254' title='bbox 52 3109 136 3182; x_wconf 86' lang='lat' dir='ltr'>picta</span> <span class='ocrx_word' id='word_1_255' title='bbox 155 3110 262 3179; x_wconf 70' lang='lat' dir='ltr'>rusco</span> <span class='ocrx_word' id='word_1_256' title='bbox 280 3109 355 3165; x_wconf 80' lang='lat' dir='ltr'>Non.</span> <span class='ocrx_word' id='word_1_257' title='bbox 377 3115 441 3174; x_wconf 89' lang='grc'>133,</span> <span class='ocrx_word' id='word_1_258' title='bbox 462 3114 497 3164; x_wconf 89' lang='grc'>30</span> <span class='ocrx_word' id='word_1_259' title='bbox 514 3108 603 3165; x_wconf 86' lang='lat' dir='ltr'>incita</span> <span class='ocrx_word' id='word_1_260' title='bbox 622 3151 650 3164; x_wconf 91' lang='lat'>..</span> <span class='ocrx_word' id='word_1_261' title='bbox 670 3109 781 3178; x_wconf 79' lang='lat' dir='ltr'>egestas</span> <span class='ocrx_word' id='word_1_262' title='bbox 801 3150 829 3164; x_wconf 91' lang='lat'>..</span> <span class='ocrx_word' id='word_1_263' title='bbox 848 3109 923 3163; x_wconf 88' lang='lat' dir='ltr'>idem</span> <span class='ocrx_word' id='word_1_264' title='bbox 941 3107 990 3162; x_wconf 92' lang='lat' dir='ltr'>lib.</span> <span class='ocrx_word' id='word_1_265' title='bbox 1010 3106 1074 3173; x_wconf 87' lang='lat' dir='ltr'>XV;</span> 
     </span>
     <span class='ocr_line' id='line_1_32' title="bbox 53 3178 1073 3250; baseline -0.006 -12"><span class='ocrx_word' id='word_1_266' title='bbox 53 3183 129 3238; x_wconf 79' lang='lat' dir='ltr'>idem</span> <span class='ocrx_word' id='word_1_267' title='bbox 151 3185 214 3250; x_wconf 88' lang='grc'>143,</span> <span class='ocrx_word' id='word_1_268' title='bbox 239 3187 255 3236; x_wconf 95' lang='grc'>5</span> <span class='ocrx_word' id='word_1_269' title='bbox 286 3181 485 3236; x_wconf 82' lang='lat' dir='ltr'>mediastrinos</span> <span class='ocrx_word' id='word_1_270' title='bbox 509 3223 516 3236; x_wconf 94' lang='lat'>.</span> <span class='ocrx_word' id='word_1_271' title='bbox 537 3223 543 3236; x_wconf 94' lang='lat'><strong><em>.</em></strong></span> <span class='ocrx_word' id='word_1_272' title='bbox 568 3182 711 3236; x_wconf 85' lang='lat' dir='ltr'>curatores</span> <span class='ocrx_word' id='word_1_273' title='bbox 739 3179 852 3234; x_wconf 89' lang='lat' dir='ltr'>aedium</span> <span class='ocrx_word' id='word_1_274' title='bbox 879 3179 1006 3248; x_wconf 77' lang='lat' dir='ltr'>legimus.</span> <span class='ocrx_word' id='word_1_275' title='bbox 1043 3178 1073 3233; x_wconf 84' lang='lat' dir='ltr'>L.</span> 
     </span>
     <span class='ocr_line' id='line_1_33' title="bbox 55 3248 1071 3322; baseline -0.006 -13"><span class='ocrx_word' id='word_1_276' title='bbox 55 3253 106 3309; x_wconf 90' lang='lat' dir='ltr'>lib.</span> <span class='ocrx_word' id='word_1_277' title='bbox 122 3250 204 3307; x_wconf 86' lang='lat' dir='ltr'><strong>XVII</strong></span> <span class='ocrx_word' id='word_1_278' title='bbox 217 3253 262 3322; x_wconf 88' lang='lat'>(=</span> <span class='ocrx_word' id='word_1_279' title='bbox 279 3254 318 3322; x_wconf 86' lang='lat'>1);</span> <span class='ocrx_word' id='word_1_280' title='bbox 337 3253 409 3310; x_wconf 74' lang='lat' dir='ltr'>idean</span> <span class='ocrx_word' id='word_1_281' title='bbox 422 3257 485 3320; x_wconf 89' lang='grc'>473,</span> <span class='ocrx_word' id='word_1_282' title='bbox 500 3258 534 3308; x_wconf 88' lang='grc'>33</span> <span class='ocrx_word' id='word_1_283' title='bbox 554 3250 818 3306; x_wconf 87' lang='lat' dir='ltr'>commanducatur.</span> <span class='ocrx_word' id='word_1_284' title='bbox 830 3248 921 3305; x_wconf 89' lang='lat' dir='ltr'>.idem</span> <span class='ocrx_word' id='word_1_285' title='bbox 936 3249 985 3305; x_wconf 88' lang='lat' dir='ltr'>lib.</span> <span class='ocrx_word' id='word_1_286' title='bbox 1000 3249 1051 3304; x_wconf 90' lang='lat' dir='ltr'>XV</span> <span class='ocrx_word' id='word_1_287' title='bbox 1068 3249 1071 3322; x_wconf 71' lang='lat' dir='ltr'>l</span> 
     </span>
     <span class='ocr_line' id='line_1_34' title="bbox 56 3319 1074 3395; baseline -0.004 -17"><span class='ocrx_word' id='word_1_288' title='bbox 56 3333 72 3378; x_wconf 95' lang='lat'>1</span> <span class='ocrx_word' id='word_1_289' title='bbox 92 3323 320 3395; x_wconf 72' lang='lat' dir='ltr'>magistograten</span> <span class='ocrx_word' id='word_1_290' title='bbox 338 3325 414 3379; x_wconf 84' lang='lat' dir='ltr'>codd.</span> <span class='ocrx_word' id='word_1_291' title='bbox 426 3341 457 3394; x_wconf 79' lang='lat' dir='ltr'>p.</span> <span class='ocrx_word' id='word_1_292' title='bbox 474 3328 524 3378; x_wconf 90' lang='grc'>133</span> <span class='ocrx_word' id='word_1_293' title='bbox 541 3323 546 3392; x_wconf 81' lang='grc'>1</span> <span class='ocrx_word' id='word_1_294' title='bbox 561 3321 755 3377; x_wconf 86' lang='lat' dir='ltr'>meiastrinum</span> <span class='ocrx_word' id='word_1_295' title='bbox 774 3319 848 3390; x_wconf 87' lang='lat' dir='ltr'>(mai.</span> <span class='ocrx_word' id='word_1_296' title='bbox 862 3325 887 3372; x_wconf 81' lang='grc' dir='ltr'><strong>Η</strong></span> <span class='ocrx_word' id='word_1_297' title='bbox 905 3338 940 3377; x_wconf 86' lang='lat' dir='ltr'>m.</span> <span class='ocrx_word' id='word_1_298' title='bbox 957 3323 983 3392; x_wconf 93' lang='lat'>1)</span> <span class='ocrx_word' id='word_1_299' title='bbox 998 3321 1074 3377; x_wconf 86' lang='lat' dir='ltr'>codd.</span> 
     </span>
     <span class='ocr_line' id='line_1_35' title="bbox 51 3392 1074 3477; baseline -0.003 -28"><span class='ocrx_word' id='word_1_300' title='bbox 51 3413 83 3466; x_wconf 76' lang='lat' dir='ltr'>p.</span> <span class='ocrx_word' id='word_1_301' title='bbox 98 3399 153 3451; x_wconf 82' lang='grc'>473</span> <span class='ocrx_word' id='word_1_302' title='bbox 176 3397 181 3465; x_wconf 93' lang='grc' dir='ltr'>Ι</span> <span class='ocrx_word' id='word_1_303' title='bbox 200 3397 233 3449; x_wconf 87' lang='grc'>55</span> <span class='ocrx_word' id='word_1_304' title='bbox 251 3394 377 3464; x_wconf 85' lang='lat' dir='ltr'>corrupit</span> <span class='ocrx_word' id='word_1_305' title='bbox 395 3397 471 3452; x_wconf 81' lang='lat' dir='ltr'>codd.</span> <span class='ocrx_word' id='word_1_306' title='bbox 488 3412 519 3477; x_wconf 67' lang='lat' dir='ltr'>p.</span> <span class='ocrx_word' id='word_1_307' title='bbox 538 3399 589 3449; x_wconf 88' lang='grc'>473</span> <span class='ocrx_word' id='word_1_308' title='bbox 613 3396 622 3464; x_wconf 79' lang='grc' dir='ltr'>ΙΙ</span> <span class='ocrx_word' id='word_1_309' title='bbox 645 3398 696 3448; x_wconf 89' lang='grc'>353</span> <span class='ocrx_word' id='word_1_310' title='bbox 714 3393 789 3447; x_wconf 80' lang='lat' dir='ltr'>Noa.</span> <span class='ocrx_word' id='word_1_311' title='bbox 811 3396 870 3461; x_wconf 91' lang='grc'>134,</span> <span class='ocrx_word' id='word_1_312' title='bbox 890 3397 923 3448; x_wconf 91' lang='grc'>15</span> <span class='ocrx_word' id='word_1_313' title='bbox 942 3392 1074 3447; x_wconf 78' lang='lat' dir='ltr'>inuncata</span> 
     </span>
     <span class='ocr_line' id='line_1_36' title="bbox 54 3463 1037 3546; baseline -0.008 -24"><span class='ocrx_word' id='word_1_314' title='bbox 54 3466 140 3537; x_wconf 80' lang='lat' dir='ltr'>quasi</span> <span class='ocrx_word' id='word_1_315' title='bbox 157 3482 230 3522; x_wconf 88' lang='lat' dir='ltr'>unco</span> <span class='ocrx_word' id='word_1_316' title='bbox 248 3465 381 3522; x_wconf 88' lang='lat' dir='ltr'>inuadere</span> <span class='ocrx_word' id='word_1_317' title='bbox 400 3470 430 3523; x_wconf 91' lang='lat' dir='ltr'>et</span> <span class='ocrx_word' id='word_1_318' title='bbox 447 3481 578 3536; x_wconf 85' lang='lat' dir='ltr'>arnpere.</span> <span class='ocrx_word' id='word_1_319' title='bbox 605 3465 636 3520; x_wconf 86' lang='lat' dir='ltr'>L.</span> <span class='ocrx_word' id='word_1_320' title='bbox 655 3463 704 3518; x_wconf 89' lang='lat' dir='ltr'>lib.</span> <span class='ocrx_word' id='word_1_321' title='bbox 724 3463 775 3519; x_wconf 91' lang='lat' dir='ltr'>XV</span> <span class='ocrx_word' id='word_1_322' title='bbox 791 3465 795 3531; x_wconf 74' lang='grc'>1</span> <span class='ocrx_word' id='word_1_323' title='bbox 812 3467 841 3518; x_wconf 87' lang='grc'>55</span> <span class='ocrx_word' id='word_1_324' title='bbox 859 3469 921 3519; x_wconf 74' lang='lat' dir='ltr'>HL:</span> <span class='ocrx_word' id='word_1_325' title='bbox 940 3465 990 3546; x_wconf 85' lang='lat' dir='ltr'>aut</span> <span class='ocrx_word' id='word_1_326' title='bbox 1007 3468 1037 3515; x_wconf 79' lang='grc'>3.</span> 
     </span>
    </p>
   </div>
   <div class='ocr_carea' id='block_1_9' title="bbox 0 0 1254 3880">
    <p class='ocr_par' dir='ltr' id='par_1_10' title="bbox 0 0 1254 3880">
     <span class='ocr_line' id='line_1_37' title="bbox 0 0 1254 3880; baseline 0 0"><span class='ocrx_word' id='word_1_327' title='bbox 0 0 1254 3880; x_wconf 95' lang='lat' dir='ltr'> </span> 
     </span>
    </p>
   </div>
  </div>
 </body>
</html>
