2470 3898
438 122 655 179 pacurano.
1036 125 1056 190 9

57 282 106 346 sed
128 284 191 350 cito
210 285 318 351 altera
335 285 451 353 incisio
471 285 576 372 magis
595 284 784 370 increbruit,
806 291 844 351 ut
866 287 932 352 iam
955 287 1061 354 uaria

56 373 104 434 tur
132 373 218 439 inter
248 379 422 459 utramque
453 376 488 440 in
513 375 612 439 titulo
641 373 804 460 Scipionis
835 373 905 442 clu
927 376 945 442 Ι
968 374 1061 463 32*),

56 464 219 547 postquam
252 464 372 530 cultior
407 463 503 530 huius
539 484 674 548 poeseos
710 462 817 528 forma
844 487 945 550 opera
973 466 1061 531 Liuii

58 547 226 617 Andronici
248 552 370 637 extitit3
393 573 475 637 quae
498 573 550 617 res
573 554 643 616 tam
666 553 768 618 tacito
793 575 888 618 sensu
911 555 1061 638 rhythmi

57 658 145 720 quam
168 641 316 726 exemplo
340 642 459 706 senarii
488 641 620 706 iambici
644 663 663 705 a
684 639 780 706 Liuio
803 642 923 708 litteris
948 644 1060 710 latinis

57 725 159 792 donati
186 730 301 796 effecta
328 734 387 795 est.
434 751 633 814 quamquam
659 751 839 814 numquam
866 732 964 817 plane
988 753 1061 798 eua-

56 815 121 880 nuit
140 819 230 902 prior
258 840 407 902 000000ος
428 823 467 884 01
488 818 590 883 habet
613 818 717 883 adhuc
739 819 855 885 titulus
875 821 918 886 M.
932 819 1062 887 Oaicilii

57 899 95 989 (a
113 927 138 971 a.
156 905 231 972 Ohr.
251 905 329 994 130)
352 931 383 972 u.
402 908 423 972 2
445 907 560 991 100001,
580 907 707 990 pratae
729 903 811 994 (ebt,
832 929 926 991 quom
947 911 1034 994 cpcu'd
1054 906 1058 996 1

56 1013 132 1059 usas
158 997 300 1062 restitisti
325 997 436 1080 scaldem
462 997 511 1061 ita
538 995 625 1060 enim
653 999 703 1061 est
730 995 951 1080 incidendum,
984 1020 1062 1084 quo·

56 1083 136 1148 niam
163 1107 182 1149 a
208 1105 295 1150 01000
320 1092 407 1150 noua
432 1083 549 1170 incipit
575 1085 663 1149 linea
690 1081 782 1170 (nam
811 1107 884 1151 curn
914 1087 1062 1153 recorda·

56 1171 135 1237 tione
155 1173 314 1258 pristinae
341 1173 559 1258 copulationis
586 1174 621 1238 in
642 1173 705 1238 hoc
723 1174 822 1239 titulo
847 1175 969 1261 singuli
991 1198 1061 1242 uer-

57 1281 105 1324 sus
126 1261 284 1348 bipartito
309 1266 385 1328 sunt
412 1261 550 1348 scripti).
595 1260 686 1327 facili
714 1266 825 1327 autem
853 1263 1063 1346 degressionc

56 1347 103 1413 hic
130 1351 311 1436 adnotabo,
342 1351 518 1416 falsissime
551 1372 586 1415 00
613 1349 734 1414 habere
761 1352 986 1435 nuperrimam
1012 1354 1062 1417 in-

55 1442 196 1524 uentum,
220 1461 283 1526 quo
306 1439 471 1523 inpriore
494 1440 650 1504 incisione
674 1439 767 1503 aiunt
789 1460 857 1504 non
878 1461 975 1524 posse
998 1445 1065 1506 ter·

55 1525 127 1592 tiam
154 1528 265 1594 thesin
297 1551 336 1594 ex
363 1529 464 1615 longa
491 1528 620 1612 syllaba
647 1531 796 1593 constare
823 1532 881 1594 aut
909 1529 1062 1614 dissolui3

56 1617 132 1699 quod
157 1623 195 1683 ut
222 1639 248 1683 0.
275 1617 315 1681 fr.
342 1617 421 1682 Aru.
447 1640 480 1682 u.
508 1618 530 1682 2
558 1620 590 1681 et
616 1617 639 1681 4
661 1616 820 1701 refutant,
847 1617 896 1683 ita
919 1619 986 1684 alia
1009 1640 1061 1683 ex-

55 1706 325 1861 :mucrore
348 1705 1061 1878 000100000000

53 1887 127 1948 stam
153 1885 255 1950 100001
282 1883 387 1948 bouem
411 1880 474 1970 (ita
496 1883 583 1947 enim
610 1881 711 1967 Flor.)
741 1904 852 1950 secure
875 1884 1061 1952 emendatio

54 1971 97 2035 ita
113 1971 281 2058 derigitur,
303 1976 341 2037 ut
358 1973 418 2038 illa
434 1973 530 2054 01100
546 1973 652 2053 000101
674 1974 707 2036 01
731 1971 850 2036 lucusta
863 1973 984 2038 100001
1006 1972 1062 2056 (de

53 2060 151 2126 forma
183 2063 305 2126 1000010
331 2061 370 2126 cf.
399 2058 588 2125 Schwabius
619 2059 655 2124 in
681 2058 839 2126 Fleckeis.
869 2083 942 2126 ann.
975 2062 1061 2127 1812

53 2172 80 2233 0.
100 2147 179 2236 415)
204 2149 448 2216 adlitteratione
471 2149 582 2214 iuncta
604 2169 670 2214 non
693 2148 902 2231 diuellantur‚
925 2149 987 2213 hoo
1012 2153 1064 2215 est

53 2241 140 2321 01000
155 2240 251 2322 prisia
268 2240 375 2322 pariet
402 2237 407 2324 Ι
436 2238 542 2303 bouem
565 2238 685 2303 1101010
711 2237 839 2302 laicam
885 2237 1060 2322 inquibus

54 2349 145 2412 quam
175 2327 307 2414 egregie
339 2328 517 2393 extollatur
545 2327 691 2412 paruitas
726 2326 872 2392 locustae
907 2347 945 2392 eo
979 2327 1062 2413 ipso,

55 2416 134 2500 quod
155 2417 241 2482 inter
263 2416 368 2483 bouem
392 2420 425 2482 01
442 2417 564 2482 Lucam
586 2420 637 2481 est
659 2416 778 2501 posita,
800 2416 889 2482 ultro
914 2420 1061 2501 apparet.

54 2542 92 2551 -
119 2527 221 2591 neque
250 2527 298 2570 ex.
326 2527 374 2591 gr.
401 2505 437 2570 in
463 2505 624 2570 Varronis
650 2503 768 2588 fragm.
796 2504 831 2588 3,
853 2506 876 2570 4
900 2505 1060 2570 offenden-

55 2593 125 2659 dum
146 2599 205 2661 001

113 2683 300 2768 Antequam
331 2683 475 2768 priorem
505 2680 652 2749 Saturnii
681 2686 809 2767 partem
838 2682 1062 2766 relinquimus,

54 2771 286 2838 admonendum
308 2775 368 2855 est,
390 2793 457 2838 non
481 2771 594 2837 adesse
618 2791 750 2836 causam
775 2773 827 2835 sat
849 2769 981 2855 iustam,
1004 2791 1063 2835 our

54 2861 84 2926 in
100 2883 137 2927 ea
154 2861 264 2925 thesin
286 2861 444 2946 supprimi
462 2881 559 2946 posse
583 2862 756 2925 statuatur.
793 2881 870 2924 nam
893 2881 931 2924 ex
949 2859 1061 2924 titulo-

54 2971 119 3015 rum
142 2949 313 3034 exemplis,
339 2953 516 3035 postquam
539 2948 605 3014 alia
626 2947 694 3013 iam
717 2948 838 3013 rectius
863 2952 939 3014 sunt
962 2948 1061 3032 expli·

55 3043 130 3124 cata,
153 3061 254 3104 unum
276 3042 381 3104 restat
404 3037 487 3123 Scip.
505 3037 554 3102 IV
578 3039 599 3102 2
622 3041 721 3103 001010
742 3057 834 3120 quom
850 3057 960 3120 parca
976 3037 1062 3119 post

55 3129 98 3193 det
116 3129 329 3195 1000000010.
374 3127 431 3192 011
453 3132 564 3193 tamen
588 3146 730 3212 agnosco
753 3124 936 3212 perfectum
959 3125 1062 3190 etiam

118 3357 144 3427 *)
163 3353 393 3424 antiquissimum
421 3354 584 3425 Scipionum
611 3355 728 3410 titulum
754 3352 811 3408 (tlh
834 3353 901 3408 130
923 3352 1062 3408 iuniorem

56 3443 119 3500 esse,
145 3429 178 3482 ut
196 3425 395 3482 intellexerunt
412 3423 585 3481 Ritschelius
609 3442 705 3495 opusc.
724 3424 764 3479 IV
782 3430 834 3479 222
863 3427 892 3479 01
909 3423 1062 3478 Buechele-

56 3517 102 3572 rus,
120 3515 156 3555 ex
172 3497 319 3554 incisionis
337 3513 439 3568 genere
458 3498 543 3568 plane
562 3495 716 3552 stabilitur.
