2470 3898
466 113 682 171 censuario.
1031 121 1072 185 27
1109 114 1112 118 ·

57 300 114 343 neo
138 277 212 342 sine
237 277 355 362 gaudio
378 277 458 361 uidi,
487 278 534 343 sic
560 277 627 344 iam
656 277 836 344 OIahnium
860 279 1017 366 (Hermae
1040 281 1074 346 II

56 391 84 452 p.
114 364 199 452 243)
234 367 391 451 sensisse,
423 367 514 432 cuius
547 367 648 432 uerba
681 368 823 453 adpono:
854 371 963 435 sollten
994 371 1074 438 dr'esc

55 456 213 521 Muenner
240 456 299 520 mit
286 460 356 521 tao
382 455 486 521 lrlrrrer
521 455 730 540 Wuerdc'puaq
756 457 842 522 ihrer
870 458 1010 542 Sullana
1039 462 1073 526 in

55 547 107 610 der
136 543 476 628 Idttcratrrrpcsclu'drte
507 546 566 610 den
599 544 720 612 ticinen
750 546 1074 630 Epiprummenlcranr

54 633 205 718 pessume
234 633 350 718 huben,
382 635 435 700 der
460 643 496 700 ιιι
517 634 616 700 Form
642 637 711 700 und
734 635 882 720 chsucp
908 639 966 703 deu
993 639 1074 704 Ent-

54 724 306 807 widclunyspanp
341 724 439 788 dieser
483 723 590 789 Poasie
630 744 664 790 so
704 725 770 805 faia
805 725 1073 792 choratterasiert?

55 833 162 897 neque
185 817 297 876 tamen
319 809 454 877 Iahnius
472 812 677 897 inquisiuit
666 835 702 876 ιιι
725 818 901 880 auctorem.
946 837 998 880 res
1023 818 1073 881 est

53 901 240 985 notissima,
262 899 476 967 Varronem
467 923 502 965 m
526 901 665 966 libris'
656 902 849 988 imaginum'
872 905 952 988 ipsis
976 905 1073 970 iconi-

53 991 114 1056 bus
139 989 318 1055 subiecisse
336 990 449 1074 paucis
468 990 577 1055 uerbis
600 991 820 1056 narrationem
844 1014 1072 1076 eorumquae

53 1082 194 1164 quisque
217 1079 253 1143 in
275 1079 346 1144 uita
369 1079 588 1164 praestiterit,
611 1102 677 1144 una
700 1102 774 1145 cum
797 1080 889 1146 breui
912 1082 1073 1167 epigram-

52 1174 150 1234 mate.
198 1170 374 1253 supersunt
359 1167 440 1231 tde
471 1166 681 1233 Homeroet
713 1167 880 1234 Demetrio
912 1168 1071 1235 Phalereo

55 1257 212 1323 uersiculi
231 1255 362 1322 disertis
380 1256 489 1321 uerbis
498 1256 664 1358 'adscript'
655 1280 666 1321 1
639 1257 778 1322 tlibris
801 1257 882 1341 illis3
905 1259 962 1322 ubi
986 1259 1073 1342 quod

53 1347 221 1413 Homerus
245 1345 371 1410 duobus
400 1345 536 1412 senariis
557 1349 733 1429 tractatur,
762 1346 896 1412 mirifice
921 1348 1072 1413 conuenit

53 1459 126 1502 cum
157 1436 225 1500 illis
254 1434 293 1499 de
321 1433 440 1500 Plauto
467 1434 619 1500 hexamet
605 1435 679 1502 tris:
707 1436 854 1502 uidemus
880 1434 1072 1520 Varronem,

52 1528 154 1610 prout
177 1524 305 1589 animus
329 1544 402 1588 cum
425 1524 565 1589 maxime
588 1524 721 1611 inpulit,
745 1525 871 1590 delectu
894 1547 961 1592 non
982 1526 1071 1592 facto

52 1619 162 1681 metro
195 1612 293 1678 modo
321 1611 383 1677 hoc
406 1612 502 1677 modo
530 1613 590 1677 illo
614 1577 731 1678 lusissb
753 1613 835 1679 haec
858 1614 1071 1700 epigramma-

50 1705 108 1769 tia.
157 1725 236 1768 nam
260 1699 346 1786 quod
370 1701 501 1786 singula
528 1702 613 1766 inter
642 1723 676 1766 se
699 1702 853 1766 differunt
839 1705 896 1766 a
919 1723 1071 1768 uersuum

51 1813 206 1858 numero·
234 1793 401 1873 respectus
430 1789 530 1874 spatii
566 1790 644 1854 ab
635 1811 726 1855 reone
763 1793 796 1855 et
831 1792 919 1856 uitae
947 1791 1071 1875 exposi-

51 1884 144 1948 tione
168 1879 276 1945 relicti
295 1882 366 1943 erat
384 1878 718 1963 habendur.i1taque
741 1879 807 1944 tria
829 1879 888 1944 illa
912 1879 1072 1964 epigram-

51 1975 143 2037 mata
170 1968 315 2034 Varroni
342 1967 545 2032 uindicamus
572 1972 701 2051 nostro,
723 1970 877 2051 utputo,
900 1967 979 2033 iure.
1023 1989 1072 2032 re-

52 2062 166 2124 manet
188 2063 302 2123 tamen
325 2055 500 2123 difficultas
523 2056 559 2120 in
582 2077 619 2121 eo
639 2056 724 2140 quod
744 2055 870 2120 Gellius
894 2055 932 2119 de
951 2055 1070 2121 Plauto

53 2147 184 2214 Naeuio
208 2145 351 2211 Pacuuio
374 2145 541 2231 poematia
568 2168 608 2210 ex
631 2143 788 2210 Varronis
818 2145 895 2209 libro
918 2145 1071 2227 deposita

46 2239 165 2319 primo,
189 2238 304 2300 contra
328 2233 366 2299 de
385 2233 528 2300 Homero
549 2234 750 2320 epigramma
774 2255 811 2298 ex
835 2232 913 2298 labro
935 2234 972 2298 de
993 2233 1072 2297 ima·

49 2326 178 2410 pinitus
205 2325 312 2407 primo
344 2345 378 2388 se
409 2323 543 2407 petiisse
575 2322 662 2387 dicit
708 2343 905 2408 quamquam
932 2325 1072 2408 possunt

52 2416 135 2481 haec
157 2414 244 2478 inter
267 2433 303 2477 se
326 2411 493 2477 conciliari
515 2410 617 2476 uariis
641 2410 761 2496 modis3
785 2433 897 2476 omnes
920 2411 1071 2496 probabi-

54 2503 162 2569 litatis
189 2521 342 2566 numeros
370 2500 433 2566 hoc
461 2499 544 2564 mihi
570 2500 699 2565 uidetur
724 2499 859 2584 habere,
886 2499 1070 2565 Varronem

55 2589 340 2676 arepetitionibus
360 2611 492 2654 suorum
512 2589 645 2654 minime
664 2588 892 2654 abhorrentem
911 2590 1071 2674 epigram-

53 2685 145 2745 mata
167 2676 256 2744 haud
278 2700 382 2763 pauca
401 2699 440 2742 ex
458 2676 717 2743 hebdomadibus
740 2677 1012 2762 transsumpsisse
1036 2678 1071 2741 in

12 2775 18 2788 '
53 2771 161 2835 maius
186 2766 224 2833 de
247 2767 354 2850 poetis
378 2789 468 2850 opus.

120 2857 237 2922 Finem
259 2854 379 2921 faciam
402 2856 437 2918 in
454 2855 571 2920 Ennio.
619 2877 714 2939 quem
738 2855 908 2920 modorum
931 2853 1071 2920 Fannio·

52 2969 126 3012 rum
152 2949 336 3010 exactorem
364 2965 431 3009 non
458 2943 591 3008 omnino
621 2944 829 3009 abhorruisse
853 2967 873 3008 a
895 2944 1070 3009 condendis

55 3033 230 3119 Saturniis,
252 3033 359 3118 primo
380 3032 608 3117 quidemu
529 3035 608 3117 optu
611 3035 647 3098 ιιι
666 3055 761 3117 pauor
753 3032 861 3097 mihi
885 3031 1071 3098 adfirmanti

52 3124 204 3208 eredent3
232 3143 313 3206 quos
341 3125 378 3186 ut
407 3121 552 3186 animum
579 3122 629 3185 int
615 3121 752 3186 tendant
778 3120 959 3186 rationibus
982 3121 1070 3187 hisce

52 3216 151 3300 rogat
153 3234 189 3278 os
136 3211 325 3277 tuelim.
371 3213 424 3274 sat
425 3231 517 3276 uram
540 3208 640 3274 fuisse
663 3209 764 3274 Ennii
787 3206 981 3295 Scipionem,
1003 3232 1070 3276 non

52 3301 202 3368 fabulam
229 3303 323 3384 praet
308 3302 446 3383 textam,
480 3321 553 3364 cum
581 3299 623 3362 ob
652 3298 733 3364 alias
762 3319 874 3364 causas
898 3299 1068 3382 probabile

52 3395 102 3456 est
125 3393 196 3455 tum
222 3389 263 3454 ob
287 3410 372 3473 eam,
401 3350 487 3472 qdod
510 3385 635 3452 Gellius
667 3386 812 3470 loquitur
836 3387 875 3451 de
898 3387 989 3469 labro,
1017 3387 1071 3468 qui

55 3479 160 3564 Scipio
179 3477 358 3544 insercbitar
376 3475 438 3562 (IV
459 3474 507 3561 7);
529 3498 606 3540 nam
626 3474 702 3538 libri
727 3472 883 3558 appellat
874 3494 981 3538 renem
1004 3493 1070 3537 non
