2494 3888
480 142 730 199 ιιιοιιιιοιιιιιι.
761 107 767 120 ‘
1045 143 1111 208 395

142 309 259 375 domus
283 307 351 372 elta
373 305 450 391 fuit,
473 328 556 391 quae
578 305 714 384 Danaen
737 303 857 371 Acrisii
879 308 994 391 tegens
1130 308 1167 364 76

141 473 235 516 amor
257 448 400 515 sidereus
424 469 480 515 cor
502 448 628 533 pepulit
650 447 854 534 flammigero
878 453 995 514 oestro.
1130 449 1165 507 66

141 592 264 678 roges?
285 612 353 657 non
376 612 463 674 amo,
488 590 514 654 si
538 612 611 655 crus
634 590 719 655 solet
741 611 779 655 ec
802 590 888 656 colla
910 609 1008 674 mago
1032 588 1113 656 Gen·
1130 591 1167 647 76

685 678 781 744 thare
804 699 940 745 comere.

144 823 230 888 flauo
254 822 342 888 crine
366 820 512 906 superbit
536 824 569 885 et
592 820 657 885 iem
680 821 798 905 gaudet
822 818 979 887 Aeacides
1130 821 1167 878 66

97 982 98 985 ’
141 965 263 1050 agebat
286 964 434 1028 uolucres
458 984 558 1048 equos
581 962 616 1026 in
637 961 744 1026 hortis
768 958 938 1045 Amyntas.
1126 963 1164 1018 86

142 1127 290 1172 amorum
313 1105 448 1170 comites
472 1108 548 1170 sunt
572 1102 682 1168 Venus
706 1107 739 1167 et
762 1099 888 1188 Cupido
910 1104 1016 1169 nobis.
1130 1104 1166 1160 81

142 1264 273 1330 hostem
296 1268 406 1349 tegere
430 1268 480 1329 est
502 1267 638 1349 paratus
662 1267 695 1328 et
719 1266 787 1328 stet
809 1263 878 1348 ipsc
901 1264 1017 1329 nudus.

141 1446 224 1490 uuas
248 1424 362 1489 nitidis
385 1423 556 1491 frondibus
579 1422 698 1488 Euhan
719 1421 848 1489 hederis
871 1422 989 1508 illigat.

143 1607 217 1650 mee
239 1583 334 1650 Delie
357 1587 449 1650 casta
471 1582 620 1668 pulchre,
643 1605 746 1668 paene
770 1582 912 1649 siderum
936 1582 1042 1652 decus.

144 1744 313 1829 Dictynna
336 1744 430 1809 deum
453 1742 639 1829 progenies,
663 1743 771 1894 asppce
795 1742 866 1827 quis
890 1746 923 1808 te
946 1744 1064 1810 chorus

684 1853 721 1896 ee
737 1854 783 1897 na

90 2013 93 2018 ·
145 2014 164 2057 o
189 1993 267 2071 mel,
291 1991 376 2075 quod
401 2012 478 2075 apes
504 1991 654 2056 omnibus
678 2013 695 2055 e
718 1990 853 2056 fioribus
877 1990 991 2057 libant.

100 2237 153 2290 fiat
169 2235 290 2304 initium,
309 2235 363 2290 erit
380 2250 414 2289 ex
432 2234 595 2291 ditrochaeo
613 2233 788 2304 coniugatio,
807 2237 839 2289 ut
861 2236 870 2306 11
893 2239 927 2288 76
946 2234 1022 2290 Mar.
1045 2235 1114 2290 Vict.

104 2310 122 2363 1.
138 2309 156 2362 l.
177 2307 201 2361 si
220 2309 314 2362 autem
337 2323 354 2361 a
375 2306 530 2377 pyrrichio,
557 2306 591 2361 fit
618 2306 778 2375 coniugatio
800 2304 917 2374 paeonis
939 2305 1030 2373 tertii,
1057 2308 1090 2360 ut
1110 2306 1113 2378 1

103 2379 188 2434 acrisi
206 2381 300 2449 Δ177
316 2379 393 2434 Μαι.
413 2377 482 2434 Vico.
498 2379 515 2433 l.
525 2379 543 2432 l.
561 2379 759 2432 tetrametrum
772 2375 957 2432 acatalectum
973 2379 1096 2446 (anttsp.)
1107 2377 1115 2447 11

102 2455 137 2504 'te
156 2448 231 2506 Mar.
256 2449 326 2504 Vict.
345 2451 363 2504 l.
379 2451 396 2505 l.
419 2449 627 2520 pentametrum
651 2447 836 2504 acatalectum
859 2446 996 2503 alcaicum
1022 2449 1026 2516 1
1052 2466 1116 2503 cum

100 2521 377 2607 rogas-dictamine
394 2522 471 2576 codd.
488 2523 493 2588 Ι
509 2520 534 2574 si
553 2536 616 2574 crus
634 2521 747 2589 scripsi:
766 2518 807 2604 sic
826 2535 855 2573 se
874 2519 951 2575 codd.
968 2520 973 2589 1
989 2537 1022 2574 sc
1040 2519 1115 2574 colla

96 2590 683 2746 hihoddihaghcidddiudflhhtodlhrndciilli.
697 2591 1115 2745 tldtiidmiihtiuihaddtaiddtidddi}

98 2733 176 2803 quod
206 2735 293 2789 habet
309 2734 460 2789 iambicam
479 2736 714 2804 conmgatmnem,
733 2735 767 2787 ut
790 2737 795 2802 1
818 2750 877 2788 uam
898 2735 931 2788 in
948 2735 1002 2802 fimo
1029 2734 1114 2803 codd,

100 2805 211 2861 maledi
228 2805 338 2861 Keilius
351 2806 362 2874 1
375 2810 410 2858 66
428 2805 504 2860 Mar.
529 2804 599 2860 Vici.
613 2805 632 2858 l.
647 2805 664 2859 1.
683 2804 795 2859 tetram.
814 2803 1018 2874 brachycctcl„
1039 2806 1115 2873 quod

97 2875 187 2931 habet
204 2877 326 2932 alternos
346 2874 517 2945 antispastos
532 2878 562 2930 et
579 2873 719 2929 diiambos
737 2875 833 2945 pedes,
851 2874 952 2944 incipit
969 2877 1064 2930 autem
1078 2874 1115 2930 ab

3 3009 4 3012 1
102 2946 163 3002 anti
198 2950 269 3015 esto,
288 2949 321 3001 ut
335 2951 341 3016 1
355 2947 387 3001 in
403 2947 493 3003 hortis
507 2946 631 3001 Kcilc'ue:
651 2945 769 3001 marotis
788 2947 865 3002 codd.
880 2947 889 3016 l
903 2951 935 3000 61
950 2946 1026 3002 Mar.
1045 2945 1114 3002 Vct.

99 3019 118 3073 l.
134 3018 152 3072 l.
171 3035 181 3072 ι
212 3037 241 3073 m
260 3034 295 3072 ex
312 3017 420 3073 duobus
439 3015 604 3087 antispastis
624 3019 654 3071 et
666 3017 787 3073 iambico
802 3016 923 3072 dimetro
938 3016 1115 3084 catalectico,

101 3091 136 3143 ut
156 3089 166 3158 1
188 3094 222 3144 66
240 3090 316 3144 Mar.
341 3089 411 3145 Vict.
431 3094 466 3144 90
488 3090 683 3144 tetrametrum
703 3129 709 3141 .
726 3130 731 3143 .
750 3088 1028 3158 brachycatalectum
1047 3089 1114 3157 (ion.

100 3177 120 3215 a
137 3162 223 3231 mod),
242 3163 286 3228 ut3
305 3161 340 3228 cs.
362 3161 629 3217 Ter.ll1aar.2046
651 3162 661 3231 1
684 3165 718 3213 88
737 3159 813 3214 Mar.
839 3159 907 3213 Vict.
927 3164 960 3212 91
976 3159 1013 3213 K.
1032 3158 1115 3214 huius

2 3257 5 3266 ·
100 3232 289 3297 acatalectom
318 3233 353 3299 cf.
376 3237 401 3288 et
424 3233 493 3288 Atel.
518 3230 638 3285 Forsan.
662 3235 714 3285 289
729 3231 781 3298 Κ,
808 3231 858 3285 abi
880 3228 1018 3284 frontibus
1046 3231 1116 3286 male

100 3303 177 3357 codd.
200 3306 266 3374 164
284 3302 361 3358 Μαι.
385 3303 455 3359 Vici.
475 3304 492 3359 1.
507 3303 525 3356 l.
544 3302 614 3356 item
638 3301 836 3356 catalecticum
877 3299 965 3355 rimae
989 3301 1114 3371 syllabae

102 3372 271 3428 solutionem
297 3389 412 3443 pessum
439 3374 522 3428 huius
549 3372 627 3428 modi
653 3374 664 3444 1
691 3375 722 3424 66
747 3374 824 3427 Mar.
874 3373 920 3427 iot.
940 3373 957 3427 l.
977 3374 994 3427 l.
1018 3374 1115 3443 penta-

100 3445 222 3498 metrum
259 3460 351 3513 noque
369 3444 648 3514 brachycatalectum
666 3444 722 3498 erit
738 3444 797 3498 tale
811 3445 821 3513 1
835 3449 869 3498 66
884 3442 959 3501 Mar.
979 3443 1048 3500 Vici.
1065 3445 1082 3499 l.
1097 3445 1115 3499 l.

100 3515 253 3585 ucecyu
326 3517 700 3586 academiarum.
