2498 3880
582 89 611 145 G.
631 87 753 145 Lucus

578 321 682 368 LIBER
707 323 756 369 ΠΙ.

108 455 143 511 ῃ
226 430 399 514 Porphyris
423 431 466 495 ud
487 429 567 494 Hor.
590 434 648 495 sat.
673 428 698 494 I
716 431 744 512 5,
768 434 805 494 1:
832 427 958 494 Lucilio
981 428 1044 493 hac
1067 433 1182 494 satura

159 520 342 587 aemulatur
369 517 527 584 Horatius
559 518 622 582 iter
655 539 748 582 suum
783 539 803 582 a
830 517 936 582 Roma
960 515 1181 583 Brundesium

158 631 261 695 usque
290 607 489 690 describens,
523 605 609 692 quod
642 609 675 670 et
706 604 763 670 ille
791 607 826 670 in
852 607 953 671 tertio
982 607 1069 671 libro
1093 607 1182 689 feeit,

158 699 266 784 primo
294 721 313 763 a
341 696 448 768 Roma
476 694 620 780 Capuam
648 716 750 779 usque
784 700 817 760 et
846 694 920 760 inde
947 694 1071 760 fretum
1102 694 1180 762 Sici-

158 787 268 852 liense.

107 931 144 986 72
203 979 221 988 -
238 959 283 988 w
301 978 319 986 -
337 956 384 986 uu
400 976 418 985 -
436 956 481 984 υυ
499 976 517 984 -
540 929 585 1009 et,
610 947 706 1010 saepe
731 924 817 1009 quod
842 928 917 990 ante

204 1017 340 1101 optasti,
362 1014 448 1079 freta
471 1013 624 1079 Messana
648 1019 680 1078 et
703 1013 831 1100 Regina
853 1014 980 1078 uidebis

205 1104 346 1189 moenia,
370 1107 440 1168 tum
464 1101 614 1188 Liparas,
637 1101 830 1168 Phacelinae
853 1104 978 1187 templa
1001 1103 1142 1169 Dianae.

107 1267 143 1323 73
203 1317 221 1325 -
238 1297 283 1325 υυ
301 1315 319 1324 -
336 1295 382 1322 uu
400 1315 417 1323 -
435 1295 481 1322 υυ
499 1313 516 1322 .
534 1293 580 1321 w
599 1312 617 1322 ..
634 1293 680 1322 υυ
703 1263 855 1347 uiamque

207 1352 413 1441 degrumabis
436 1351 486 1417 uti
508 1353 626 1416 eastris
650 1373 780 1417 mensor
801 1352 881 1418 facit
905 1351 993 1417 olim.

109 1514 146 1570 74
203 1566 222 1574 -
239 1545 284 1573 us
302 1563 320 1572 -
337 1542 383 1571 υυ
404 1512 456 1577 bis
480 1511 580 1596 quina
602 1514 762 1598 octogena
785 1511 910 1576 uidebis

205 1601 388 1686 commoda,
412 1601 451 1666 de
474 1598 586 1684 Capua
610 1599 846 1686 quinquaginta
869 1605 968 1685 atque
992 1602 1143 1668 ducenta.

108 1763 143 1819 75
204 1764 373 1847 praeterea
392 1783 487 1827 omne
506 1761 569 1826 iter
588 1767 638 1826 est
655 1761 718 1826 hoe
737 1761 889 1826 labosum
908 1765 1008 1847 atque
1025 1762 1178 1827 lutosum.

109 1922 145 1979 76
205 1923 326 2008 inguen
348 1943 389 1986 ne
414 1920 546 2005 existat,
569 1920 722 2005 papulae,
746 1925 849 2005 tama,
871 1941 911 1984 ne
935 1921 1001 1986 boa
1024 1921 1127 1986 noxit.

109 2083 142 2139 77
204 2080 369 2176 Apulidae
388 2081 518 2166 pessus
540 2080 668 2148 attenti.

231 2336 266 2385 72
285 2330 393 2385 Probus
411 2328 449 2383 ud
463 2328 510 2383 eet.
531 2326 609 2396 Vera.
620 2327 711 2396 praef.
732 2324 885 2380 Phaselitis
905 2328 1002 2381 autem
1021 2325 1132 2382 Dianae
1150 2326 1177 2380 L

160 2417 272 2473 quoque
290 2401 321 2454 in
338 2399 378 2454 III
392 2398 543 2456 satirarum
556 2397 685 2452 meminit
701 2398 705 2468 t
722 2404 737 2451 2
752 2395 884 2452 Messana
897 2399 927 2451 et
940 2413 1001 2469 syo:
1021 2396 1179 2453 Messanam

160 2479 223 2543 (my.
243 2471 397 2539 Messanae)
416 2475 440 2523 v
458 2470 589 2525 Messana
606 2473 627 2520 1’
642 2471 647 2538 Ι
663 2467 791 2539 reginam
809 2469 840 2522 ia
858 2467 958 2538 regina
976 2483 1047 2524 sorr.
1068 2474 1091 2523 v
1110 2468 1179 2523 Rhe·

160 2543 256 2614 gina?
273 2546 277 2611 Ι
293 2548 309 2596 3
325 2540 463 2597 faselinae
474 2543 562 2611 (raso.
573 2544 606 2608 V)
617 2541 693 2595 codd.
706 2541 764 2665 ΚΝ
775 2539 850 2594 Nou.
862 2545 903 2608 63,
914 2545 1061 2610 tgrumae
1074 2582 1095 2596 ..
1106 2557 1178 2595 men-

161 2633 226 2670 sura
237 2658 243 2670 .
255 2656 262 2668 .
272 2612 494 2684 agrimensorum
506 2654 512 2666 .
523 2656 529 2668 .
540 2611 570 2666 L.
580 2611 628 2666 lib.
640 2611 678 2665 III
690 2611 693 2683 t
726 2609 885 2680 agrumauis
896 2612 983 2679 codd„
993 2627 1065 2668 corr.
1078 2613 1179 2667 Mares·

159 2686 224 2758 rusi
241 2684 285 2740 uti
301 2683 493 2754 Qwicherats'us
508 2684 655 2754 (Lustm.):
675 2686 707 2738 ut
720 2683 798 2738 codd.
813 2685 846 2737 ut
861 2682 892 2736 in
906 2683 1022 2738 Merula
1036 2685 1046 2754 u
1060 2689 1095 2737 74
1109 2683 1180 2738 Noa.

160 2764 222 2824 266,
242 2763 276 2812 26
301 2755 490 2822 commodum,
514 2755 665 2825 integrum.
693 2752 832 2820 Lucilium
856 2754 901 2810 tic
919 2755 1017 2824 posuis
1036 2755 1178 2820 [Daseai

160 2828 215 2900 bis]
236 2827 280 2883 uis
299 2832 319 2878 1·
337 2841 371 2880 m.
393 2832 407 2879 1
425 2827 429 2892 Ι
445 2826 512 2895 quin
536 2826 675 2895 aetogena
693 2826 759 2895 (oet.
779 2829 801 2876 6
819 2830 884 2881 m.1
916 2829 1005 2894 (1111,
1026 2841 1099 2882 eurr.
1119 2825 1179 2881 Sea·

160 2901 229 2970 liner
254 2901 259 2968 Ι
282 2898 317 2952 de
335 2897 432 2966 uulso:
456 2899 486 2952 66
510 2898 589 2954 codd.
611 2899 643 2950 tu
661 2896 773 2952 Laeua
797 2897 859 2950 tum
913 2896 1175 2964 reuersurus}

160 2971 289 3028 trecenta
309 2967 488 3024 LMuellerus
511 2971 520 3039 11
543 2972 576 3022 76
595 2966 669 3022 Noa.
689 2973 750 3035 469,
771 2973 803 3022 11
830 2968 866 3022 ab
889 2983 922 3022 eo
942 2967 1020 3038 quod
1038 2969 1085 3022 est
1103 2969 1177 3024 labos

161 3043 290 3098 labosum
305 3083 312 3097 .
327 3083 334 3097 .
348 3040 379 3094 L.
396 3040 448 3095 sat.
462 3039 511 3094 lib.
527 3038 566 3093 ΙΙΙ
582 3041 587 3108 Ι
602 3039 741 3094 lamosum
762 3038 912 3094 OKellsrus
930 3056 964 3094 m.
979 3037 1035 3096 Ra.
1052 3045 1098 3108 31,
1114 3037 1177 3104 141]Ι

161 3119 194 3166 76
214 3112 289 3169 Fert.
309 3117 362 3168 366
389 3111 468 3166 tama
491 3109 609 3179 dieitur,
633 3125 697 3165 eum
715 3111 812 3166 labore
835 3109 898 3166 uiae
918 3109 1033 3179 sanguis
1052 3111 1085 3165 in
1104 3123 1176 3165 arura

162 3183 309 3239 deseendit
327 3184 357 3238 et
374 3183 515 3237 tumorem
537 3180 615 3236 facit.
644 3181 768 3236 Lucilius
792 3183 891 3252 (Paul.
912 3183 993 3251 361);
1022 3183 1069 3237 sse
1089 3180 1176 3252 pessit
1220 3227 1228 3246 ‚

161 3255 289 3309 Laeuius
312 3255 347 3322 yl.
373 3271 402 3307 a.
430 3259 481 3307 261
512 3253 558 3320 (ef.
586 3257 611 3307 st
634 3255 732 3320 prodr.
751 3254 815 3322 312)
841 3257 845 3320 Ι
870 3254 945 3308 boua
969 3251 1152 3308 LMserraus
1166 3249 1176 3317 Π

162 3329 196 3377 77
217 3323 290 3378 Fert.
311 3329 363 3377 618
387 3321 572 3395 <Stlembus>
595 3323 703 3392 grauis,
727 3323 859 3393 tar(dus,
884 3325 956 3378 sieut
974 3323 1029 3394 L.)
1050 3355 1084 3364 -
1104 3320 1172 3386 dicit,

164 3409 228 3448 eum
254 3391 363 3464 refer<t
385 3409 488 3460 equum
512 3390 624 3460 pigrum
647 3395 677 3446 et
698 3394 845 3465 tardum>;
874 3395 909 3460 cs.
930 3393 1015 3450 Puat
1040 3399 1107 3463 312;
1135 3393 1173 3448 ue

160 3462 256 3528 posuit
274 3460 460 3518 LMuellsrus.
