<?xml version="1.0" encoding="UTF-8"?>
<!DOCTYPE html PUBLIC "-//W3C//DTD XHTML 1.0 Transitional//EN"
    "http://www.w3.org/TR/xhtml1/DTD/xhtml1-transitional.dtd">
<html xmlns="http://www.w3.org/1999/xhtml" xml:lang="en" lang="en">
 <head>
  <title>
</title>
<meta http-equiv="Content-Type" content="text/html;charset=utf-8" />
  <meta name='ocr-system' content='tesseract 3.04.00' />
  <meta name='ocr-capabilities' content='ocr_page ocr_carea ocr_par ocr_line ocrx_word'/>
</head>
<body>
  <div class='ocr_page' id='page_1' title='image "./fragmentapoetar00baehgoog_0385.png"; bbox 0 0 2494 3888; ppageno 0'>
   <div class='ocr_carea' id='block_1_1' title="bbox 142 135 720 202">
    <p class='ocr_par' dir='ltr' id='par_1_1' title="bbox 142 135 720 202">
     <span class='ocr_line' id='line_1_1' title="bbox 142 135 720 202; baseline -0.005 -8"><span class='ocrx_word' id='word_1_1' title='bbox 142 136 207 202; x_wconf 80' lang='lat'><strong>378</strong></span> <span class='ocrx_word' id='word_1_2' title='bbox 578 135 720 192; x_wconf 82' lang='lat' dir='ltr'>VERSUS</span> 
     </span>
    </p>
   </div>
   <div class='ocr_carea' id='block_1_2' title="bbox 184 297 1063 737">
    <p class='ocr_par' dir='ltr' id='par_1_2' title="bbox 184 297 1063 737">
     <span class='ocr_line' id='line_1_2' title="bbox 184 297 1044 387; baseline -0.001 -21"><span class='ocrx_word' id='word_1_3' title='bbox 184 323 244 387; x_wconf 90' lang='lat' dir='ltr'><strong>pro</strong></span> <span class='ocrx_word' id='word_1_4' title='bbox 267 299 418 386; x_wconf 83' lang='lat' dir='ltr'><strong>implexis</strong></span> <span class='ocrx_word' id='word_1_5' title='bbox 442 297 538 364; x_wconf 87' lang='lat' dir='ltr'><strong>sertis</strong></span> <span class='ocrx_word' id='word_1_6' title='bbox 562 299 766 383; x_wconf 79' lang='lat' dir='ltr'><strong>complexum</strong></span> <span class='ocrx_word' id='word_1_7' title='bbox 789 320 923 384; x_wconf 83' lang='lat' dir='ltr'><strong>corpore</strong></span> <span class='ocrx_word' id='word_1_8' title='bbox 945 300 1044 365; x_wconf 88' lang='lat' dir='ltr'><strong>redde</strong></span> 
     </span>
     <span class='ocr_line' id='line_1_3' title="bbox 229 387 851 473; baseline -0.005 -18"><span class='ocrx_word' id='word_1_9' title='bbox 229 410 352 473; x_wconf 87' lang='lat' dir='ltr'>proque</span> <span class='ocrx_word' id='word_1_10' title='bbox 374 387 460 453; x_wconf 85' lang='lat' dir='ltr'><strong>rosis</strong></span> <span class='ocrx_word' id='word_1_11' title='bbox 482 388 550 453; x_wconf 90' lang='lat' dir='ltr'><strong>oris</strong></span> <span class='ocrx_word' id='word_1_12' title='bbox 574 388 666 452; x_wconf 86' lang='lat' dir='ltr'><strong>sauia</strong></span> <span class='ocrx_word' id='word_1_13' title='bbox 687 389 851 472; x_wconf 85' lang='lat' dir='ltr'><strong>purpurei.</strong></span> 
     </span>
     <span class='ocr_line' id='line_1_4' title="bbox 186 476 1063 564; baseline -0.001 -21"><span class='ocrx_word' id='word_1_14' title='bbox 186 478 272 564; x_wconf 91' lang='lat' dir='ltr'><strong>quod</strong></span> <span class='ocrx_word' id='word_1_15' title='bbox 295 477 324 542; x_wconf 88' lang='lat' dir='ltr'><strong>si</strong></span> <span class='ocrx_word' id='word_1_16' title='bbox 346 477 489 544; x_wconf 81' lang='lat' dir='ltr'><strong>animem</strong></span> <span class='ocrx_word' id='word_1_17' title='bbox 511 476 652 560; x_wconf 79' lang='lat' dir='ltr'><strong>inspires</strong></span> <span class='ocrx_word' id='word_1_18' title='bbox 675 476 805 561; x_wconf 85' lang='lat' dir='ltr'><strong>doneoi,</strong></span> <span class='ocrx_word' id='word_1_19' title='bbox 826 477 893 541; x_wconf 88' lang='lat' dir='ltr'><strong>iam</strong></span> <span class='ocrx_word' id='word_1_20' title='bbox 916 477 1063 542; x_wconf 87' lang='lat' dir='ltr'><strong>earmina</strong></span> 
     </span>
     <span class='ocr_line' id='line_1_5' title="bbox 726 568 842 630; baseline 0.017 -2"><span class='ocrx_word' id='word_1_21' title='bbox 726 568 842 630; x_wconf 87' lang='lat' dir='ltr'><strong>nostra</strong></span> 
     </span>
     <span class='ocr_line' id='line_1_6' title="bbox 229 652 905 737; baseline -0.003 -16"><span class='ocrx_word' id='word_1_22' title='bbox 229 655 345 721; x_wconf 78' lang='lat' dir='ltr'><strong>sedent</strong></span> <span class='ocrx_word' id='word_1_23' title='bbox 367 654 456 719; x_wconf 87' lang='lat' dir='ltr'><strong>uiota</strong></span> <span class='ocrx_word' id='word_1_24' title='bbox 477 656 535 718; x_wconf 91' lang='lat' dir='ltr'><strong>tuo</strong></span> <span class='ocrx_word' id='word_1_25' title='bbox 559 652 744 737; x_wconf 82' lang='lat' dir='ltr'><strong>dulciloquo</strong></span> <span class='ocrx_word' id='word_1_26' title='bbox 768 654 905 719; x_wconf 82' lang='lat' dir='ltr'><strong>calamo.</strong></span> 
     </span>
    </p>
   </div>
   <div class='ocr_carea' id='block_1_3' title="bbox 105 794 1156 1499">
    <p class='ocr_par' dir='ltr' id='par_1_3' title="bbox 105 794 994 878">
     <span class='ocr_line' id='line_1_7' title="bbox 105 794 994 878; baseline -0.004 -16"><span class='ocrx_word' id='word_1_27' title='bbox 105 800 123 854; x_wconf 78' lang='lat'><strong>5</strong></span> <span class='ocrx_word' id='word_1_28' title='bbox 187 795 307 862; x_wconf 87' lang='lat' dir='ltr'><strong>montis</strong></span> <span class='ocrx_word' id='word_1_29' title='bbox 329 795 365 859; x_wconf 91' lang='lat' dir='ltr'><strong>in</strong></span> <span class='ocrx_word' id='word_1_30' title='bbox 388 794 506 860; x_wconf 87' lang='lat' dir='ltr'><strong>exoelsi</strong></span> <span class='ocrx_word' id='word_1_31' title='bbox 528 794 661 878; x_wconf 89' lang='lat' dir='ltr'><strong>seopulo</strong></span> <span class='ocrx_word' id='word_1_32' title='bbox 684 794 827 860; x_wconf 73' lang='lat' dir='ltr'><strong>consiste</strong></span> <span class='ocrx_word' id='word_1_33' title='bbox 850 794 994 878; x_wconf 82' lang='lat' dir='ltr'><strong>puellam</strong></span> 
     </span>
    </p>

    <p class='ocr_par' dir='ltr' id='par_1_4' title="bbox 230 882 834 950">
     <span class='ocr_line' id='line_1_8' title="bbox 230 882 834 950; baseline -0.005 0"><span class='ocrx_word' id='word_1_34' title='bbox 230 887 379 950; x_wconf 82' lang='lat' dir='ltr'><strong>ornatam</strong></span> <span class='ocrx_word' id='word_1_35' title='bbox 402 882 523 948; x_wconf 90' lang='lat' dir='ltr'><strong>mundo</strong></span> <span class='ocrx_word' id='word_1_36' title='bbox 546 882 671 947; x_wconf 87' lang='lat' dir='ltr'><strong>funerei</strong></span> <span class='ocrx_word' id='word_1_37' title='bbox 694 882 834 948; x_wconf 86' lang='lat' dir='ltr'><strong>thalami</strong></span> 
     </span>
    </p>

    <p class='ocr_par' dir='ltr' id='par_1_5' title="bbox 184 972 1109 1146">
     <span class='ocr_line' id='line_1_9' title="bbox 184 972 1020 1058; baseline -0.005 -20"><span class='ocrx_word' id='word_1_38' title='bbox 184 996 244 1038; x_wconf 89' lang='lat' dir='ltr'><strong>nee</strong></span> <span class='ocrx_word' id='word_1_39' title='bbox 266 994 377 1057; x_wconf 88' lang='lat' dir='ltr'><strong>speres</strong></span> <span class='ocrx_word' id='word_1_40' title='bbox 402 993 557 1058; x_wconf 85' lang='lat' dir='ltr'><strong>generum</strong></span> <span class='ocrx_word' id='word_1_41' title='bbox 580 972 714 1036; x_wconf 78' lang='lat' dir='ltr'><strong>mortali</strong></span> <span class='ocrx_word' id='word_1_42' title='bbox 737 972 840 1056; x_wconf 87' lang='lat' dir='ltr'><strong>stirpe</strong></span> <span class='ocrx_word' id='word_1_43' title='bbox 863 973 1020 1054; x_wconf 83' lang='lat' dir='ltr'><strong>ereetum,</strong></span> 
     </span>
     <span class='ocr_line' id='line_1_10' title="bbox 230 1058 1109 1146; baseline -0.005 -19"><span class='ocrx_word' id='word_1_44' title='bbox 230 1062 285 1127; x_wconf 89' lang='lat' dir='ltr'><strong>sed</strong></span> <span class='ocrx_word' id='word_1_45' title='bbox 308 1083 441 1126; x_wconf 89' lang='lat' dir='ltr'><strong>saeuum</strong></span> <span class='ocrx_word' id='word_1_46' title='bbox 466 1064 562 1145; x_wconf 86' lang='lat' dir='ltr'><strong>atque</strong></span> <span class='ocrx_word' id='word_1_47' title='bbox 585 1058 692 1123; x_wconf 87' lang='lat' dir='ltr'><strong>ferum</strong></span> <span class='ocrx_word' id='word_1_48' title='bbox 714 1060 947 1144; x_wconf 88' lang='lat' dir='ltr'><strong>uipereumque</strong></span> <span class='ocrx_word' id='word_1_49' title='bbox 970 1059 1109 1146; x_wconf 86' lang='lat' dir='ltr'><strong>malum,</strong></span> 
     </span>
    </p>

    <p class='ocr_par' dir='ltr' id='par_1_6' title="bbox 184 1147 1156 1323">
     <span class='ocr_line' id='line_1_11' title="bbox 184 1147 1156 1237; baseline -0.002 -21"><span class='ocrx_word' id='word_1_50' title='bbox 184 1151 241 1237; x_wconf 90' lang='lat' dir='ltr'><strong>qui</strong></span> <span class='ocrx_word' id='word_1_51' title='bbox 262 1150 371 1235; x_wconf 87' lang='lat' dir='ltr'><strong>pinnis</strong></span> <span class='ocrx_word' id='word_1_52' title='bbox 395 1147 536 1214; x_wconf 88' lang='lat' dir='ltr'><strong>uolitans</strong></span> <span class='ocrx_word' id='word_1_53' title='bbox 560 1169 657 1233; x_wconf 85' lang='lat' dir='ltr'><strong>super</strong></span> <span class='ocrx_word' id='word_1_54' title='bbox 679 1149 813 1214; x_wconf 85' lang='lat' dir='ltr'><strong>aethera</strong></span> <span class='ocrx_word' id='word_1_55' title='bbox 836 1151 952 1214; x_wconf 80' lang='lat' dir='ltr'><strong>ennete</strong></span> <span class='ocrx_word' id='word_1_56' title='bbox 974 1147 1095 1234; x_wconf 82' lang='lat' dir='ltr'><strong>fatigat</strong></span> <span class='ocrx_word' id='word_1_57' title='bbox 1139 1165 1156 1214; x_wconf 80' lang='lat'><strong>5</strong></span> 
     </span>
     <span class='ocr_line' id='line_1_12' title="bbox 228 1236 932 1323; baseline 0 -21"><span class='ocrx_word' id='word_1_58' title='bbox 228 1239 424 1323; x_wconf 87' lang='lat' dir='ltr'><strong>flammaque</strong></span> <span class='ocrx_word' id='word_1_59' title='bbox 447 1241 481 1302; x_wconf 90' lang='lat' dir='ltr'><strong>et</strong></span> <span class='ocrx_word' id='word_1_60' title='bbox 503 1236 590 1302; x_wconf 85' lang='lat' dir='ltr'><strong>ferro</strong></span> <span class='ocrx_word' id='word_1_61' title='bbox 614 1237 745 1321; x_wconf 85' lang='lat' dir='ltr'><strong>singula</strong></span> <span class='ocrx_word' id='word_1_62' title='bbox 768 1236 932 1320; x_wconf 83' lang='lat' dir='ltr'><strong>debilitat,</strong></span> 
     </span>
    </p>

    <p class='ocr_par' dir='ltr' id='par_1_7' title="bbox 184 1324 1106 1499">
     <span class='ocr_line' id='line_1_13' title="bbox 184 1324 1106 1414; baseline -0.003 -21"><span class='ocrx_word' id='word_1_63' title='bbox 184 1349 247 1414; x_wconf 89' lang='lat' dir='ltr'><strong>quo</strong></span> <span class='ocrx_word' id='word_1_64' title='bbox 270 1327 383 1392; x_wconf 88' lang='lat' dir='ltr'><strong>tremit</strong></span> <span class='ocrx_word' id='word_1_65' title='bbox 405 1325 475 1409; x_wconf 91' lang='lat' dir='ltr'><strong>ipse</strong></span> <span class='ocrx_word' id='word_1_66' title='bbox 498 1324 601 1407; x_wconf 86' lang='lat' dir='ltr'><strong>Iouis,</strong></span> <span class='ocrx_word' id='word_1_67' title='bbox 624 1346 688 1409; x_wconf 90' lang='lat' dir='ltr'><strong>quo</strong></span> <span class='ocrx_word' id='word_1_68' title='bbox 711 1325 846 1392; x_wconf 90' lang='lat' dir='ltr'><strong>numina</strong></span> <span class='ocrx_word' id='word_1_69' title='bbox 868 1324 1106 1412; x_wconf 81' lang='lat' dir='ltr'><strong>terrificantur,</strong></span> 
     </span>
     <span class='ocr_line' id='line_1_14' title="bbox 227 1412 1103 1499; baseline -0.001 -18"><span class='ocrx_word' id='word_1_70' title='bbox 227 1416 362 1481; x_wconf 90' lang='lat' dir='ltr'><strong>flumina</strong></span> <span class='ocrx_word' id='word_1_71' title='bbox 385 1435 481 1498; x_wconf 89' lang='lat' dir='ltr'><strong>quem</strong></span> <span class='ocrx_word' id='word_1_72' title='bbox 505 1414 698 1479; x_wconf 82' lang='lat' dir='ltr'><strong>horrescunt</strong></span> <span class='ocrx_word' id='word_1_73' title='bbox 722 1417 755 1478; x_wconf 90' lang='lat' dir='ltr'><strong>et</strong></span> <span class='ocrx_word' id='word_1_74' title='bbox 779 1412 914 1499; x_wconf 77' lang='lat' dir='ltr'><strong>Stygiae</strong></span> <span class='ocrx_word' id='word_1_75' title='bbox 935 1414 1103 1480; x_wconf 80' lang='lat' dir='ltr'><strong>tenebrae</strong></span> 
     </span>
    </p>
   </div>
   <div class='ocr_carea' id='block_1_4' title="bbox 378 1615 913 1688">
    <p class='ocr_par' dir='ltr' id='par_1_8' title="bbox 378 1615 913 1688">
     <span class='ocr_line' id='line_1_15' title="bbox 378 1615 913 1688; baseline -0.009 -12"><span class='ocrx_word' id='word_1_76' title='bbox 378 1618 438 1676; x_wconf 85' lang='lat'><em>111.</em></span> <span class='ocrx_word' id='word_1_77' title='bbox 474 1618 518 1675; x_wconf 83' lang='lat' dir='ltr'><strong>de</strong></span> <span class='ocrx_word' id='word_1_78' title='bbox 540 1615 742 1688; x_wconf 83' lang='lat' dir='ltr'><strong>prouerblla</strong></span> <span class='ocrx_word' id='word_1_79' title='bbox 787 1625 854 1672; x_wconf 76' lang='lat' dir='ltr'><strong>hm.</strong></span> <span class='ocrx_word' id='word_1_80' title='bbox 878 1625 913 1672; x_wconf 88' lang='lat'><strong>11.</strong></span> 
     </span>
    </p>
   </div>
   <div class='ocr_carea' id='block_1_5' title="bbox 102 1748 979 1816">
    <p class='ocr_par' dir='ltr' id='par_1_9' title="bbox 102 1748 979 1816">
     <span class='ocr_line' id='line_1_16' title="bbox 102 1748 979 1816; baseline 0.007 -6"><span class='ocrx_word' id='word_1_81' title='bbox 102 1753 122 1810; x_wconf 77' lang='lat' dir='ltr'><strong>t</strong></span> <span class='ocrx_word' id='word_1_82' title='bbox 185 1803 202 1812; x_wconf 95' lang='lat'>.</span> <span class='ocrx_word' id='word_1_83' title='bbox 220 1783 265 1811; x_wconf 69' lang='lat' dir='ltr'><strong>oo</strong></span> <span class='ocrx_word' id='word_1_84' title='bbox 283 1802 301 1811; x_wconf 91' lang='lat'><strong>-</strong></span> <span class='ocrx_word' id='word_1_85' title='bbox 318 1783 364 1810; x_wconf 67' lang='lat' dir='ltr'><strong>oo</strong></span> <span class='ocrx_word' id='word_1_86' title='bbox 382 1802 400 1811; x_wconf 90' lang='lat'><strong>-</strong></span> <span class='ocrx_word' id='word_1_87' title='bbox 417 1782 462 1811; x_wconf 72' lang='lat' dir='ltr'><strong>oo</strong></span> <span class='ocrx_word' id='word_1_88' title='bbox 485 1753 628 1815; x_wconf 91' lang='lat' dir='ltr'><strong>mutmut</strong></span> <span class='ocrx_word' id='word_1_89' title='bbox 650 1771 717 1814; x_wconf 93' lang='lat' dir='ltr'><strong>non</strong></span> <span class='ocrx_word' id='word_1_90' title='bbox 739 1748 848 1814; x_wconf 83' lang='lat' dir='ltr'><strong>faeere</strong></span> <span class='ocrx_word' id='word_1_91' title='bbox 872 1749 979 1816; x_wconf 88' lang='lat' dir='ltr'><strong>audet.</strong></span> 
     </span>
    </p>
   </div>
   <div class='ocr_carea' id='block_1_6' title="bbox 539 1944 754 1956">
    <p class='ocr_par' dir='ltr' id='par_1_10' title="bbox 539 1944 754 1956">
     <span class='ocr_line' id='line_1_17' title="bbox 539 1944 754 1956; baseline -0.005 0"><span class='ocrx_word' id='word_1_92' title='bbox 539 1944 754 1956; x_wconf 73' lang='lat'>—-—-—</span> 
     </span>
    </p>
   </div>
   <div class='ocr_carea' id='block_1_7' title="bbox 338 2084 953 2155">
    <p class='ocr_par' dir='ltr' id='par_1_11' title="bbox 338 2084 953 2155">
     <span class='ocr_line' id='line_1_18' title="bbox 338 2084 953 2155; baseline -0.008 0"><span class='ocrx_word' id='word_1_93' title='bbox 338 2084 508 2155; x_wconf 79' lang='lat' dir='ltr'>VERSUS</span> <span class='ocrx_word' id='word_1_94' title='bbox 530 2095 566 2150; x_wconf 84' lang='lat' dir='ltr'><strong>in</strong></span> <span class='ocrx_word' id='word_1_95' title='bbox 590 2095 750 2152; x_wconf 84' lang='lat' dir='ltr'><strong>caesares</strong></span> <span class='ocrx_word' id='word_1_96' title='bbox 772 2095 953 2152; x_wconf 80' lang='lat' dir='ltr'><strong>Romanos.</strong></span> 
     </span>
    </p>
   </div>
   <div class='ocr_carea' id='block_1_8' title="bbox 103 2226 1012 2493">
    <p class='ocr_par' dir='ltr' id='par_1_12' title="bbox 103 2226 1012 2493">
     <span class='ocr_line' id='line_1_19' title="bbox 103 2226 1012 2312; baseline -0.007 -14"><span class='ocrx_word' id='word_1_97' title='bbox 103 2231 121 2287; x_wconf 93' lang='lat'>1</span> <span class='ocrx_word' id='word_1_98' title='bbox 184 2230 381 2298; x_wconf 76' lang='lat' dir='ltr'><strong>Commodus</strong></span> <span class='ocrx_word' id='word_1_99' title='bbox 402 2228 600 2294; x_wconf 82' lang='lat' dir='ltr'><strong>Herculeum</strong></span> <span class='ocrx_word' id='word_1_100' title='bbox 621 2249 742 2294; x_wconf 92' lang='lat' dir='ltr'><strong>nomen</strong></span> <span class='ocrx_word' id='word_1_101' title='bbox 765 2227 885 2292; x_wconf 87' lang='lat' dir='ltr'><strong>hebere</strong></span> <span class='ocrx_word' id='word_1_102' title='bbox 908 2226 1012 2312; x_wconf 87' lang='lat' dir='ltr'><strong>eupit,</strong></span> 
     </span>
     <span class='ocr_line' id='line_1_20' title="bbox 183 2317 887 2401; baseline -0.007 -16"><span class='ocrx_word' id='word_1_103' title='bbox 183 2320 428 2385; x_wconf 85' lang='lat' dir='ltr'><strong>Antoninorum</strong></span> <span class='ocrx_word' id='word_1_104' title='bbox 451 2339 515 2382; x_wconf 93' lang='lat' dir='ltr'><strong>non</strong></span> <span class='ocrx_word' id='word_1_105' title='bbox 539 2320 634 2401; x_wconf 86' lang='lat' dir='ltr'><strong>putat</strong></span> <span class='ocrx_word' id='word_1_106' title='bbox 656 2337 728 2382; x_wconf 85' lang='lat' dir='ltr'><strong>esse</strong></span> <span class='ocrx_word' id='word_1_107' title='bbox 751 2317 887 2398; x_wconf 88' lang='lat' dir='ltr'><strong>bonum,</strong></span> 
     </span>
     <span class='ocr_line' id='line_1_21' title="bbox 183 2406 776 2493; baseline -0.007 -20"><span class='ocrx_word' id='word_1_108' title='bbox 183 2430 295 2493; x_wconf 89' lang='lat' dir='ltr'><strong>expers</strong></span> <span class='ocrx_word' id='word_1_109' title='bbox 318 2406 453 2472; x_wconf 87' lang='lat' dir='ltr'><strong>humani</strong></span> <span class='ocrx_word' id='word_1_110' title='bbox 475 2406 555 2470; x_wconf 81' lang='lat' dir='ltr'><strong>iuris</strong></span> <span class='ocrx_word' id='word_1_111' title='bbox 579 2409 612 2470; x_wconf 90' lang='lat' dir='ltr'><strong>et</strong></span> <span class='ocrx_word' id='word_1_112' title='bbox 635 2406 776 2491; x_wconf 84' lang='lat' dir='ltr'><strong>imperii,</strong></span> 
     </span>
    </p>
   </div>
   <div class='ocr_carea' id='block_1_9' title="bbox 137 2648 1233 2772">
    <p class='ocr_par' dir='ltr' id='par_1_13' title="bbox 137 2648 1233 2772">
     <span class='ocr_line' id='line_1_22' title="bbox 137 2648 1233 2772; baseline -0.005 -62"><span class='ocrx_word' id='word_1_113' title='bbox 137 2671 207 2724; x_wconf 89' lang='lat' dir='ltr'><strong>ques</strong></span> <span class='ocrx_word' id='word_1_114' title='bbox 225 2653 359 2709; x_wconf 75' lang='lat' dir='ltr'><strong>Pricaeus</strong></span> <span class='ocrx_word' id='word_1_115' title='bbox 383 2654 388 2722; x_wconf 80' lang='grc'>1</span> <span class='ocrx_word' id='word_1_116' title='bbox 413 2658 429 2707; x_wconf 80' lang='grc'>9</span> <span class='ocrx_word' id='word_1_117' title='bbox 448 2650 537 2723; x_wconf 82' lang='lat' dir='ltr'><strong>plexis</strong></span> <span class='ocrx_word' id='word_1_118' title='bbox 557 2649 700 2705; x_wconf 73' lang='lat' dir='ltr'><strong>Francius</strong></span> <span class='ocrx_word' id='word_1_119' title='bbox 715 2650 720 2719; x_wconf 90' lang='grc' dir='ltr'>Ι</span> <span class='ocrx_word' id='word_1_120' title='bbox 738 2654 771 2704; x_wconf 89' lang='grc'><strong>10</strong></span> <span class='ocrx_word' id='word_1_121' title='bbox 790 2648 871 2704; x_wconf 86' lang='lat' dir='ltr'><strong>sabia</strong></span> <span class='ocrx_word' id='word_1_122' title='bbox 887 2651 962 2772; x_wconf 57' lang='lat' dir='ltr'><strong>”ll</strong></span> <span class='ocrx_word' id='word_1_123' title='bbox 975 2653 1008 2703; x_wconf 90' lang='lat'><strong>11</strong></span> <span class='ocrx_word' id='word_1_124' title='bbox 1030 2649 1159 2705; x_wconf 83' lang='lat' dir='ltr'><strong>animam</strong></span> <span class='ocrx_word' id='word_1_125' title='bbox 1232 2671 1233 2676; x_wconf 47' lang='lat'>¹</span> 
     </span>
    </p>
   </div>
   <div class='ocr_carea' id='block_1_10' title="bbox 132 2720 1160 3565">
    <p class='ocr_par' dir='ltr' id='par_1_14' title="bbox 132 2720 1160 3565">
     <span class='ocr_line' id='line_1_23' title="bbox 138 2720 1159 2792; baseline -0.005 -11"><span class='ocrx_word' id='word_1_126' title='bbox 138 2726 264 2782; x_wconf 80' lang='lat' dir='ltr'><strong>Uoluius:</strong></span> <span class='ocrx_word' id='word_1_127' title='bbox 284 2723 408 2780; x_wconf 85' lang='lat' dir='ltr'><strong>animum</strong></span> <span class='ocrx_word' id='word_1_128' title='bbox 427 2723 503 2778; x_wconf 77' lang='lat' dir='ltr'><strong>codd.</strong></span> <span class='ocrx_word' id='word_1_129' title='bbox 521 2724 526 2792; x_wconf 88' lang='grc' dir='ltr'>Ι</span> <span class='ocrx_word' id='word_1_130' title='bbox 542 2721 642 2776; x_wconf 84' lang='lat' dir='ltr'><strong>donaei</strong></span> <span class='ocrx_word' id='word_1_131' title='bbox 659 2721 807 2790; x_wconf 83' lang='lat' dir='ltr'><strong>Hauptius</strong></span> <span class='ocrx_word' id='word_1_132' title='bbox 824 2736 915 2789; x_wconf 81' lang='lat' dir='ltr'><strong>opusc.</strong></span> <span class='ocrx_word' id='word_1_133' title='bbox 963 2721 976 2774; x_wconf 96' lang='lat' dir='ltr'>I</span> <span class='ocrx_word' id='word_1_134' title='bbox 994 2725 1062 2775; x_wconf 75' lang='lat'><strong>882:</strong></span> <span class='ocrx_word' id='word_1_135' title='bbox 1081 2720 1159 2776; x_wconf 83' lang='lat' dir='ltr'><strong>dona</strong></span> 
     </span>
     <span class='ocr_line' id='line_1_24' title="bbox 138 2791 1159 2874; baseline -0.005 -21"><span class='ocrx_word' id='word_1_136' title='bbox 138 2802 168 2853; x_wconf 89' lang='lat' dir='ltr'><strong>et</strong></span> <span class='ocrx_word' id='word_1_137' title='bbox 185 2798 262 2853; x_wconf 82' lang='lat' dir='ltr'><strong>codd.</strong></span> <span class='ocrx_word' id='word_1_138' title='bbox 280 2798 284 2864; x_wconf 83' lang='grc' dir='ltr'>Ι</span> <span class='ocrx_word' id='word_1_139' title='bbox 299 2795 357 2850; x_wconf 85' lang='lat' dir='ltr'><strong>iam</strong></span> <span class='ocrx_word' id='word_1_140' title='bbox 376 2812 414 2864; x_wconf 69' lang='lat' dir='ltr'><strong>p:</strong></span> <span class='ocrx_word' id='word_1_141' title='bbox 433 2809 499 2847; x_wconf 90' lang='lat' dir='ltr'><strong>nem</strong></span> <span class='ocrx_word' id='word_1_142' title='bbox 517 2796 566 2848; x_wconf 76' lang='grc' dir='ltr'><strong>Π</strong></span> <span class='ocrx_word' id='word_1_143' title='bbox 579 2793 617 2874; x_wconf 74' lang='lat' dir='ltr'><strong>l⁵</strong></span> <span class='ocrx_word' id='word_1_144' title='bbox 635 2791 721 2862; x_wconf 75' lang='lat' dir='ltr'><strong>Apul.</strong></span> <span class='ocrx_word' id='word_1_145' title='bbox 736 2791 852 2861; x_wconf 77' lang='lat' dir='ltr'><strong>metaph.</strong></span> <span class='ocrx_word' id='word_1_146' title='bbox 867 2791 906 2846; x_wconf 90' lang='lat' dir='ltr'><strong>IV</strong></span> <span class='ocrx_word' id='word_1_147' title='bbox 921 2795 955 2845; x_wconf 84' lang='lat'><strong>38</strong></span> <span class='ocrx_word' id='word_1_148' title='bbox 974 2791 1024 2846; x_wconf 84' lang='lat' dir='ltr'><strong>sed</strong></span> <span class='ocrx_word' id='word_1_149' title='bbox 1041 2791 1159 2861; x_wconf 85' lang='lat' dir='ltr'><strong>Apollo,</strong></span> 
     </span>
     <span class='ocr_line' id='line_1_25' title="bbox 137 2860 1160 2938; baseline -0.005 -14"><span class='ocrx_word' id='word_1_150' title='bbox 137 2884 308 2938; x_wconf 85' lang='lat' dir='ltr'><strong>quamquam</strong></span> <span class='ocrx_word' id='word_1_151' title='bbox 331 2864 453 2920; x_wconf 82' lang='lat' dir='ltr'><strong>Graecus</strong></span> <span class='ocrx_word' id='word_1_152' title='bbox 477 2866 507 2919; x_wconf 90' lang='lat' dir='ltr'><strong>et</strong></span> <span class='ocrx_word' id='word_1_153' title='bbox 528 2863 652 2931; x_wconf 82' lang='lat' dir='ltr'><strong>lomene,</strong></span> <span class='ocrx_word' id='word_1_154' title='bbox 679 2863 795 2932; x_wconf 86' lang='lat' dir='ltr'><strong>propter</strong></span> <span class='ocrx_word' id='word_1_155' title='bbox 823 2860 951 2917; x_wconf 86' lang='lat' dir='ltr'><strong>Milesiae</strong></span> <span class='ocrx_word' id='word_1_156' title='bbox 979 2861 1160 2920; x_wconf 75' lang='lat' dir='ltr'><strong>conditorem</strong></span> 
     </span>
     <span class='ocr_line' id='line_1_26' title="bbox 138 2931 1158 3004; baseline -0.004 -10"><span class='ocrx_word' id='word_1_157' title='bbox 138 2941 178 2996; x_wconf 88' lang='lat' dir='ltr'><strong>sie</strong></span> <span class='ocrx_word' id='word_1_158' title='bbox 195 2938 296 2995; x_wconf 85' lang='lat' dir='ltr'><strong>Latina</strong></span> <span class='ocrx_word' id='word_1_159' title='bbox 313 2937 387 2992; x_wconf 86' lang='lat' dir='ltr'><strong>sorte</strong></span> <span class='ocrx_word' id='word_1_160' title='bbox 405 2934 551 3004; x_wconf 86' lang='lat' dir='ltr'><strong>respondit</strong></span> <span class='ocrx_word' id='word_1_161' title='bbox 570 2939 575 2998; x_wconf 88' lang='grc'>1</span> <span class='ocrx_word' id='word_1_162' title='bbox 596 2932 680 2989; x_wconf 74' lang='lat' dir='ltr'><strong>orista</strong></span> <span class='ocrx_word' id='word_1_163' title='bbox 699 2949 757 3002; x_wconf 70' lang='lat' dir='ltr'><strong>eqo:</strong></span> <span class='ocrx_word' id='word_1_164' title='bbox 782 2932 872 2988; x_wconf 87' lang='lat' dir='ltr'><strong>existe</strong></span> <span class='ocrx_word' id='word_1_165' title='bbox 889 2949 916 3003; x_wconf 86' lang='grc' dir='ltr'><em>φ</em></span> <span class='ocrx_word' id='word_1_166' title='bbox 934 2931 1057 2987; x_wconf 83' lang='lat' dir='ltr'><strong>subsiste</strong></span> <span class='ocrx_word' id='word_1_167' title='bbox 1076 2935 1158 3003; x_wconf 85' lang='lat' dir='ltr'><strong>(subs</strong></span> 
     </span>
     <span class='ocr_line' id='line_1_27' title="bbox 137 3003 1158 3077; baseline -0.007 -10"><span class='ocrx_word' id='word_1_168' title='bbox 137 3013 169 3067; x_wconf 86' lang='lat' dir='ltr'><strong>iu</strong></span> <span class='ocrx_word' id='word_1_169' title='bbox 185 3026 241 3066; x_wconf 83' lang='lat' dir='ltr'><strong>rus.</strong></span> <span class='ocrx_word' id='word_1_170' title='bbox 260 3026 295 3064; x_wconf 88' lang='lat' dir='ltr'><strong>m.</strong></span> <span class='ocrx_word' id='word_1_171' title='bbox 310 3010 338 3077; x_wconf 75' lang='lat'><strong>2)</strong></span> <span class='ocrx_word' id='word_1_172' title='bbox 356 3013 378 3060; x_wconf 75' lang='lat' dir='ltr'><strong>r</strong></span> <span class='ocrx_word' id='word_1_173' title='bbox 395 3008 427 3061; x_wconf 88' lang='lat' dir='ltr'><strong>tu</strong></span> <span class='ocrx_word' id='word_1_174' title='bbox 446 3005 513 3060; x_wconf 87' lang='lat' dir='ltr'><strong>siste</strong></span> <span class='ocrx_word' id='word_1_175' title='bbox 532 3005 655 3060; x_wconf 77' lang='lat' dir='ltr'><strong>Iahnius</strong></span> <span class='ocrx_word' id='word_1_176' title='bbox 678 3007 683 3075; x_wconf 93' lang='grc'>1</span> <span class='ocrx_word' id='word_1_177' title='bbox 709 3009 725 3059; x_wconf 82' lang='lat'>8</span> <span class='ocrx_word' id='word_1_178' title='bbox 744 3003 840 3072; x_wconf 72' lang='lat' dir='ltr'><strong>sper&amp;</strong></span> <span class='ocrx_word' id='word_1_179' title='bbox 857 3008 922 3074; x_wconf 72' lang='grc' dir='ltr'><strong>Ιφ,</strong></span> <span class='ocrx_word' id='word_1_180' title='bbox 955 3004 1002 3058; x_wconf 79' lang='lat' dir='ltr'><strong>sed</strong></span> <span class='ocrx_word' id='word_1_181' title='bbox 1020 3004 1054 3059; x_wconf 82' lang='lat' dir='ltr'><strong>iu</strong></span> <span class='ocrx_word' id='word_1_182' title='bbox 1071 3005 1124 3060; x_wconf 80' lang='lat' dir='ltr'><strong>tue</strong></span> <span class='ocrx_word' id='word_1_183' title='bbox 1143 3023 1158 3059; x_wconf 87' lang='lat' dir='ltr'><strong>s</strong></span> 
     </span>
     <span class='ocr_line' id='line_1_28' title="bbox 136 3074 1158 3152; baseline -0.006 -15"><span class='ocrx_word' id='word_1_184' title='bbox 136 3081 265 3152; x_wconf 71' lang='lat' dir='ltr'><strong>suipra&amp;</strong></span> <span class='ocrx_word' id='word_1_185' title='bbox 286 3084 290 3148; x_wconf 90' lang='grc' dir='ltr'>Ι</span> <span class='ocrx_word' id='word_1_186' title='bbox 310 3076 428 3134; x_wconf 75' lang='lat' dir='ltr'><strong>mareoli</strong></span> <span class='ocrx_word' id='word_1_187' title='bbox 445 3081 505 3147; x_wconf 70' lang='grc' dir='ltr'><strong>Ὲφ,</strong></span> <span class='ocrx_word' id='word_1_188' title='bbox 523 3091 593 3131; x_wconf 81' lang='lat' dir='ltr'><strong>corr.</strong></span> <span class='ocrx_word' id='word_1_189' title='bbox 612 3077 644 3131; x_wconf 83' lang='lat' dir='ltr'><strong>iu</strong></span> <span class='ocrx_word' id='word_1_190' title='bbox 661 3077 712 3131; x_wconf 80' lang='lat' dir='ltr'><strong>too</strong></span> <span class='ocrx_word' id='word_1_191' title='bbox 730 3077 736 3144; x_wconf 85' lang='grc' dir='ltr'>Ι</span> <span class='ocrx_word' id='word_1_192' title='bbox 757 3080 772 3129; x_wconf 80' lang='grc'><strong>7</strong></span> <span class='ocrx_word' id='word_1_193' title='bbox 791 3090 847 3142; x_wconf 84' lang='lat' dir='ltr'><strong>quo</strong></span> <span class='ocrx_word' id='word_1_194' title='bbox 865 3075 962 3144; x_wconf 77' lang='lat' dir='ltr'><strong>uulpo:</strong></span> <span class='ocrx_word' id='word_1_195' title='bbox 981 3074 1058 3143; x_wconf 89' lang='lat' dir='ltr'><strong>quod</strong></span> <span class='ocrx_word' id='word_1_196' title='bbox 1077 3076 1158 3132; x_wconf 73' lang='lat' dir='ltr'><strong>uua.</strong></span> 
     </span>
     <span class='ocr_line' id='line_1_29' title="bbox 137 3143 1156 3221; baseline -0.004 -15"><span class='ocrx_word' id='word_1_197' title='bbox 137 3151 204 3221; x_wconf 90' lang='lat' dir='ltr'><strong>quoi</strong></span> <span class='ocrx_word' id='word_1_198' title='bbox 223 3152 347 3208; x_wconf 82' lang='lat' dir='ltr'><strong>Iolmiua</strong></span> <span class='ocrx_word' id='word_1_199' title='bbox 362 3152 366 3219; x_wconf 96' lang='grc' dir='ltr'>Ι</span> <span class='ocrx_word' id='word_1_200' title='bbox 382 3155 399 3204; x_wconf 84' lang='grc'><strong>8</strong></span> <span class='ocrx_word' id='word_1_201' title='bbox 417 3146 588 3216; x_wconf 84' lang='lat' dir='ltr'><strong>flumineque</strong></span> <span class='ocrx_word' id='word_1_202' title='bbox 606 3147 698 3213; x_wconf 63' lang='lat' dir='ltr'><strong>codd„</strong></span> <span class='ocrx_word' id='word_1_203' title='bbox 716 3161 785 3200; x_wconf 83' lang='lat' dir='ltr'><strong>eurr.</strong></span> <span class='ocrx_word' id='word_1_204' title='bbox 804 3143 966 3216; x_wconf 79' lang='lat' dir='ltr'><strong>HMeyerus</strong></span> <span class='ocrx_word' id='word_1_205' title='bbox 991 3146 1002 3215; x_wconf 80' lang='grc' dir='ltr'>Ι</span> <span class='ocrx_word' id='word_1_206' title='bbox 1029 3149 1046 3198; x_wconf 77' lang='grc' dir='ltr'><strong>θ</strong></span> <span class='ocrx_word' id='word_1_207' title='bbox 1067 3145 1156 3202; x_wconf 69' lang='lat' dir='ltr'><strong>Otus.</strong></span> 
     </span>
     <span class='ocr_line' id='line_1_30' title="bbox 136 3214 1158 3289; baseline -0.006 -12"><span class='ocrx_word' id='word_1_208' title='bbox 136 3227 190 3277; x_wconf 79' lang='lat'><strong>240</strong></span> <span class='ocrx_word' id='word_1_209' title='bbox 203 3221 241 3277; x_wconf 88' lang='lat' dir='ltr'><strong>K.</strong></span> <span class='ocrx_word' id='word_1_210' title='bbox 261 3252 295 3262; x_wconf 96' lang='lat'>—</span> <span class='ocrx_word' id='word_1_211' title='bbox 313 3222 347 3275; x_wconf 89' lang='lat' dir='ltr'><strong>ut</strong></span> <span class='ocrx_word' id='word_1_212' title='bbox 363 3219 439 3289; x_wconf 85' lang='lat' dir='ltr'><strong>apud</strong></span> <span class='ocrx_word' id='word_1_213' title='bbox 456 3217 607 3288; x_wconf 84' lang='lat' dir='ltr'><strong>Apuleium</strong></span> <span class='ocrx_word' id='word_1_214' title='bbox 626 3215 803 3272; x_wconf 80' lang='lat' dir='ltr'><strong>Platonicum</strong></span> <span class='ocrx_word' id='word_1_215' title='bbox 825 3216 861 3271; x_wconf 86' lang='lat' dir='ltr'><strong>de</strong></span> <span class='ocrx_word' id='word_1_216' title='bbox 883 3214 1042 3286; x_wconf 86' lang='lat' dir='ltr'><strong>prouerbiis</strong></span> <span class='ocrx_word' id='word_1_217' title='bbox 1066 3217 1158 3288; x_wconf 88' lang='lat' dir='ltr'><strong>serip-</strong></span> 
     </span>
     <span class='ocr_line' id='line_1_31' title="bbox 135 3288 1157 3358; baseline -0.002 -12"><span class='ocrx_word' id='word_1_218' title='bbox 135 3295 198 3346; x_wconf 86' lang='lat' dir='ltr'><strong>tum</strong></span> <span class='ocrx_word' id='word_1_219' title='bbox 213 3290 364 3356; x_wconf 87' lang='lat' dir='ltr'><strong>estlib.H;</strong></span> <span class='ocrx_word' id='word_1_220' title='bbox 383 3293 475 3358; x_wconf 73' lang='lat' dir='ltr'><strong>aperte</strong></span> <span class='ocrx_word' id='word_1_221' title='bbox 493 3289 569 3343; x_wconf 78' lang='lat' dir='ltr'><strong>adest</strong></span> <span class='ocrx_word' id='word_1_222' title='bbox 586 3289 677 3343; x_wconf 72' lang='lat' dir='ltr'><strong>esitus</strong></span> <span class='ocrx_word' id='word_1_223' title='bbox 694 3288 856 3353; x_wconf 58' lang='lat' dir='ltr'><strong>teramum</strong></span> <span class='ocrx_word' id='word_1_224' title='bbox 874 3288 924 3357; x_wconf 76' lang='lat' dir='ltr'><strong>qui</strong></span> <span class='ocrx_word' id='word_1_225' title='bbox 941 3303 976 3342; x_wconf 76' lang='lat' dir='ltr'><strong>ae</strong></span> <span class='ocrx_word' id='word_1_226' title='bbox 993 3288 1157 3358; x_wconf 56' lang='lat' dir='ltr'><strong>antiquiore</strong></span> 
     </span>
     <span class='ocr_line' id='line_1_32' title="bbox 132 3359 1054 3428; baseline -0.001 -15"><span class='ocrx_word' id='word_1_227' title='bbox 132 3365 216 3428; x_wconf 81' lang='lat' dir='ltr'><strong>poeta</strong></span> <span class='ocrx_word' id='word_1_228' title='bbox 233 3360 271 3412; x_wconf 80' lang='lat' dir='ltr'><strong>sit</strong></span> <span class='ocrx_word' id='word_1_229' title='bbox 287 3364 412 3425; x_wconf 79' lang='lat' dir='ltr'><strong>sumptus</strong></span> <span class='ocrx_word' id='word_1_230' title='bbox 430 3375 469 3412; x_wconf 87' lang='lat' dir='ltr'><strong>au</strong></span> <span class='ocrx_word' id='word_1_231' title='bbox 486 3359 577 3427; x_wconf 80' lang='lat' dir='ltr'><strong>ipsius</strong></span> <span class='ocrx_word' id='word_1_232' title='bbox 594 3359 706 3428; x_wconf 79' lang='lat' dir='ltr'><strong>Apulei,</strong></span> <span class='ocrx_word' id='word_1_233' title='bbox 725 3359 839 3414; x_wconf 79' lang='lat' dir='ltr'><strong>dubium</strong></span> <span class='ocrx_word' id='word_1_234' title='bbox 857 3363 904 3412; x_wconf 81' lang='lat' dir='ltr'><strong>eet.</strong></span> <span class='ocrx_word' id='word_1_235' title='bbox 1051 3397 1054 3404; x_wconf 68' lang='lat'><em>,</em></span> 
     </span>
     <span class='ocr_line' id='line_1_33' title="bbox 206 3427 1157 3497; baseline 0.013 -22"><span class='ocrx_word' id='word_1_236' title='bbox 206 3430 330 3476; x_wconf 68' lang='lat' dir='ltr'><strong>ulma</strong></span> <span class='ocrx_word' id='word_1_237' title='bbox 348 3433 377 3477; x_wconf 81' lang='lat' dir='ltr'><strong>in</strong></span> <span class='ocrx_word' id='word_1_238' title='bbox 394 3432 466 3481; x_wconf 73' lang='lat' dir='ltr'><strong>caes.</strong></span> <span class='ocrx_word' id='word_1_239' title='bbox 484 3431 557 3481; x_wconf 72' lang='lat' dir='ltr'><strong>Rom.</strong></span> <span class='ocrx_word' id='word_1_240' title='bbox 596 3435 609 3482; x_wconf 93' lang='lat'>1</span> <span class='ocrx_word' id='word_1_241' title='bbox 629 3428 744 3497; x_wconf 80' lang='lat' dir='ltr'><strong>Lumpr.</strong></span> <span class='ocrx_word' id='word_1_242' title='bbox 763 3444 792 3484; x_wconf 90' lang='lat' dir='ltr'><strong>u.</strong></span> <span class='ocrx_word' id='word_1_243' title='bbox 811 3427 945 3484; x_wconf 78' lang='lat' dir='ltr'><strong>Diadum.</strong></span> <span class='ocrx_word' id='word_1_244' title='bbox 964 3434 981 3483; x_wconf 76' lang='grc' dir='ltr'><strong><em>Ἰ</em></strong></span> <span class='ocrx_word' id='word_1_245' title='bbox 1005 3443 1107 3486; x_wconf 82' lang='lat' dir='ltr'><strong>uersus</strong></span> <span class='ocrx_word' id='word_1_246' title='bbox 1124 3430 1157 3486; x_wconf 89' lang='lat' dir='ltr'><strong>in</strong></span> 
     </span>
     <span class='ocr_line' id='line_1_34' title="bbox 137 3493 998 3565; baseline 0.013 -21"><span class='ocrx_word' id='word_1_247' title='bbox 137 3493 320 3546; x_wconf 73' lang='lat' dir='ltr'><strong>“ommodum</strong></span> <span class='ocrx_word' id='word_1_248' title='bbox 339 3495 511 3549; x_wconf 88' lang='lat' dir='ltr'><strong>Antoninum</strong></span> <span class='ocrx_word' id='word_1_249' title='bbox 530 3497 600 3551; x_wconf 90' lang='lat' dir='ltr'><strong>dieti</strong></span> <span class='ocrx_word' id='word_1_250' title='bbox 615 3499 620 3565; x_wconf 93' lang='grc' dir='ltr'>Ι</span> <span class='ocrx_word' id='word_1_251' title='bbox 637 3503 652 3552; x_wconf 84' lang='grc'><strong>6</strong></span> <span class='ocrx_word' id='word_1_252' title='bbox 671 3515 747 3553; x_wconf 84' lang='lat' dir='ltr'><strong>nune</strong></span> <span class='ocrx_word' id='word_1_253' title='bbox 765 3497 820 3553; x_wconf 88' lang='lat' dir='ltr'><strong>erit</strong></span> <span class='ocrx_word' id='word_1_254' title='bbox 839 3497 998 3556; x_wconf 75' lang='lat' dir='ltr'><strong>Gemolliue.</strong></span> 
     </span>
    </p>
   </div>
   <div class='ocr_carea' id='block_1_11' title="bbox 0 0 1252 3888">
    <p class='ocr_par' dir='ltr' id='par_1_15' title="bbox 0 0 1252 3888">
     <span class='ocr_line' id='line_1_35' title="bbox 0 0 1252 3888; baseline 0 2"><span class='ocrx_word' id='word_1_255' title='bbox 0 0 1252 3888; x_wconf 95' lang='lat' dir='ltr'><strong> </strong></span> 
     </span>
    </p>
   </div>
  </div>
 </body>
</html>
