2494 3888
504 136 695 192 APULEIUS.
1040 136 1105 202 37?

136 300 258 366 nitelas
282 300 347 365 oris
371 300 410 366 e'x
434 299 582 364 Arabicis
605 299 769 385 strigibus,

136 389 268 454 tenuem
291 386 482 454 candificum
505 387 652 453 n6bilem
675 385 907 473 puluisculum,

86 495 106 544 5
136 476 617 562 5οωρ1έηαὺοτθιηῒιὶωἰά5155
641 474 844 562 gingiuulae‚

137 566 392 631 conuerritorem
416 563 584 650 pridianae
607 565 777 650 reliquiae,

137 676 179 719 ne
203 657 267 739 qut
290 655 417 719 uisatur
440 655 528 718 te'tre
550 654 644 718 tabes
669 652 826 737 s6rdium,

138 741 300 808 restrictis
324 742 409 806 forte
432 739 463 806 si
482 741 613 806 labellis
637 740 755 806 riseris.
806 824 812 831 ³

462 1015 505 1072 11.
527 1015 585 1071 alii
607 1029 739 1073 uersus.

138 1165 185 1231 Et
208 1164 329 1232 Critias
353 1187 426 1231 mee
449 1165 566 1230 delicie
589 1169 639 1230 est
662 1169 696 1230 et
719 1166 824 1250 selue,
847 1165 1001 1251 Charine,
1125 1180 1145 1235 s

183 1276 261 1340 pars
285 1255 319 1318 in
342 1276 452 1319 amore
475 1275 561 1337 meo,
584 1255 667 1337 uita,
690 1253 752 1319 tibi
775 1259 931 1321 remanet.

140 1365 182 1408 ne
206 1346 346 1426 metues3
368 1365 445 1408 nam
463 1363 516 1408 me
535 1343 622 1429 ignis
642 1346 674 1406 et
692 1342 778 1426 ignis
797 1347 930 1427 torreat,
949 1347 986 1409 ut
1005 1344 1086 1428 uult,

184 1432 284 1498 hesce
307 1431 387 1496 duas
410 1432 573 1514 flammas,
597 1430 673 1496 dum
697 1432 819 1515 potiar,
841 1433 957 1517 patiar.

91 1537 110 1586 5
139 1520 203 1586 hoe
226 1520 322 1585 modo
346 1520 407 1585 sim
430 1521 538 1603 uobis,
561 1541 644 1584 unus
668 1520 731 1584 sibi
755 1523 890 1605 quisquc
914 1522 1001 1606 quod

328 1611 331 1618 '
680 1608 751 1694 ipse
774 1613 837 1685 est:

184 1695 248 1762 hoc
270 1697 352 1762 mihi
374 1719 433 1762 uos
457 1696 562 1779 critis,
586 1697 672 1780 quod
696 1696 760 1761 duo
784 1699 978 1764 suntoculi.

139 1872 255 1939 Floret
278 1876 380 1957 serta,
402 1895 509 1964 meum
531 1874 609 1958 mel,
633 1876 666 1938 et
689 1873 769 1938 haec
791 1875 852 1939 tibi
876 1876 1020 1942 carmina
1126 1889 1146 1945 4

683 1961 782 2027 dono:
835 1995 844 2028 r

185 2049 330 2115 carmine
353 2049 437 2115 dono
461 2049 537 2136 tibi,
560 2054 649 2116 serta
672 2054 729 2116 tuo
753 2051 864 2135 genio:

141 2138 299 2221 carmina,
322 2139 384 2222 uti,
408 2135 526 2223 Oricia,
548 2139 604 2204 lux
626 2139 708 2204 haec
732 2141 847 2223 optate
869 2142 1018 2225 cenatur,

185 2249 268 2311 quae
291 2226 343 2292 bis
367 2230 501 2311 septeno
524 2249 600 2292 uere
622 2227 685 2294 tibi
707 2232 845 2309 remeet,

93 2331 112 2381 5
143 2320 230 2380 serta
253 2320 376 2401 eutem,
399 2318 437 2383 ut
459 2315 546 2382 lacto
570 2315 633 2380 tibi
655 2320 801 2400 tempore
824 2319 973 2400 tempore

682 2409 831 2488 uernent,

188 2491 306 2558 aetatis
329 2491 444 2556 florem
466 2491 601 2558 floribus
625 2496 663 2557 ut
686 2492 828 2559 decores,

140 2584 177 2645 tu
200 2580 282 2646 mihi
305 2580 361 2645 des
385 2584 498 2645 contra
520 2602 580 2664 pro
604 2602 704 2646 uerno
728 2581 807 2646 flore
831 2588 923 2647 tuum
947 2603 1018 2666 uer,

186 2673 223 2734 ut
245 2673 360 2734 nostra
383 2689 538 2754 exuperes
560 2691 696 2734 munera
719 2670 921 2736 muneribus:

95 2829 310 2842 mn

96 2931 225 2990 uersibus
254 2933 389 3002 scriptum
416 2931 452 2986 ed
476 2932 617 3000 quendem
646 2929 826 3001 Calpurnium
852 2934 857 3002 Ι
883 2939 897 2987 1
923 2932 1051 3003 properis
1073 2953 1111 3004 φι

2 3092 6 3101 ὁ
98 3003 251 3130 ppeffls
269 3019 358 3072 ewpra
375 3005 423 3058 alt.
442 3003 463 3072 i)
482 3008 503 3055 F
510 2999 753 3130 &garrundizizes
767 3003 897 3108 Lipsius?
908 3002 1072 3128 ffndi⁰i⁸⁸
1086 3024 1111 3075 φ

96 3093 219 3215 ιθηῃέρυῐ.
237 3080 309 3216 inpii
327 3081 346 3200 it
361 3089 504 3200 iriniimeed
523 3090 632 3200 cetirffs
648 3075 761 3213 iser'suess,
776 3075 1113 3214 iiiiiiiiuoceiritfoeilriiei

97 3217 186 3272 terior
209 3260 217 3275 .
237 3257 244 3272 .
267 3215 384 3272 recitem
408 3216 513 3284 denuo,
540 3219 574 3270 ut
596 3216 687 3272 sciant
713 3231 758 3270 ms
781 3232 878 3271 corum
905 3232 962 3272 non
989 3216 1084 3288 pigere
1105 3219 1111 3291 Ι

99 3295 114 3344 l
134 3287 237 3343 delicie
254 3291 299 3344 est
316 3289 346 3342 et
363 3287 535 3358 Krueyerus:
557 3286 658 3343 delicie
677 3289 734 3342 stet
751 3305 777 3357 φ
795 3287 944 3342 delitescet
962 3288 1063 3358 (tescet
1080 3291 1114 3345 in

97 3375 153 3416 rae.
172 3376 207 3414 m.
223 3359 250 3428 2)
269 3363 290 3410 r
309 3357 391 3413 deliti
409 3358 467 3412 stet
484 3363 506 3410 V
523 3356 527 3429 Ι
543 3362 560 3412 4
578 3358 673 3428 potiar
691 3362 725 3412 V:
748 3356 844 3428 potior
862 3363 913 3429 Ὲφ
932 3359 938 3430 1
959 3365 974 3414 6
994 3357 1113 3416 eritisr

98 3432 130 3489 in
148 3446 217 3488 eerr-
236 3447 270 3486 m.
286 3431 340 3500 tt
367 3429 489 3498 Meet.
508 3429 526 3484 l.
545 3429 562 3484 l.
581 3429 697 3484 recitem
716 3446 790 3484 nunc
809 3429 838 3484 et
856 3429 927 3485 elios
947 3430 952 3499 Ι
972 3436 989 3486 4
1007 3436 1113 3487 uerer

98 3503 217 3559 incorr.
236 3506 302 3556 Μ
327 3501 333 3571 Ι
358 3499 442 3556 sdes
461 3499 632 3571 Krucqcrus:
652 3499 702 3554 das
721 3500 797 3556 codd.
817 3499 853 3555 da
870 3502 954 3572 sulco
975 3501 1112 3572 185545-
