2494 3888
156 116 222 182 380
589 113 729 170 VERSUS

532 286 574 342 ln
596 285 796 344 morinum.

123 425 137 482 7
202 417 331 484 Histrio
354 419 420 484 ism
445 419 565 502 senior,
589 417 696 483 tristis
720 418 830 502 grauis
855 440 950 501 asper
973 420 1117 504 iniquus,

245 507 353 591 inpius
378 511 411 572 et
433 507 513 572 felix
537 508 583 572 sic
607 505 705 572 simul
729 527 799 570 esse
822 507 925 590 cupit:

200 596 306 661 noluit
329 600 366 660 ut
389 596 463 681 pius
487 617 574 680 esse,
596 595 680 660 uelit
701 599 814 659 tamen
837 616 907 660 esse
931 597 1062 679 beatus,

246 685 332 770 quod
355 687 475 748 nutura
496 687 598 770 neget
619 706 680 748 neo
701 683 819 768 recipit
841 683 936 748 ratio.

201 795 277 838 nem
300 773 374 857 pius
398 776 432 836 et
454 772 533 837 felix
555 777 686 856 poterat
709 772 835 856 dicique
857 771 1038 857 uiderique:
1154 791 1172 836 5
1238 775 1239 856 Ι

246 861 366 946 impius
390 860 504 926 infelix
526 865 576 926 est
600 867 632 926 et
656 861 718 926 erit
740 862 857 926 meritc

477 1047 694 1117 Responsum
716 1046 873 1104 Macrini·

123 1185 141 1241 8
204 1177 239 1245 Si
262 1179 364 1244 talem
387 1177 522 1243 Graium
545 1179 732 1242 tetulissent
754 1179 825 1243 feto
846 1182 993 1263 poetam,

248 1269 354 1353 qualis
378 1267 516 1332 Latinus
541 1267 677 1352 gabalus
700 1267 764 1332 iste
787 1268 864 1352 fuit,

202 1358 250 1422 nil
273 1358 412 1442 populus
435 1359 560 1438 nosset,
583 1355 628 1419 nil
653 1359 767 1420 nosset
790 1357 892 1440 curis,
916 1377 1039 1442 mango

247 1445 356 1510 nullus
381 1445 566 1529 scripsisset
590 1445 734 1510 carmina
758 1448 866 1510 taetra
889 1445 980 1510 mihi.

503 1647 546 1704 In
567 1647 830 1704 Diadumenum.

123 1786 142 1840 9
206 1780 357 1846 Vidimus
381 1780 416 1844 in
440 1781 575 1858 somnis,
598 1781 698 1863 ciues,
721 1780 787 1846 nisi
808 1779 923 1864 fallor,
946 1785 980 1850 et
1002 1781 1110 1847 istud:

204 1869 445 1934 Antoninorum
469 1891 588 1934 nomen
611 1869 769 1954 puerilis
791 1869 941 1954 gerebat,

205 1958 260 2042 qui
283 1963 376 2043 putre
401 1958 510 2023 uenali
533 1957 662 2043 genitus
685 1979 745 2022 nec
768 1962 874 2024 metro
896 1958 1014 2043 pudice

231 2210 246 2256 7
266 2205 384 2274 Capitol.
398 2219 425 2256 u.
441 2201 569 2257 Macrini
583 2169 615 2256 il
635 2200 739 2257 Felicis
757 2218 859 2258 nomen
877 2202 994 2272 recepit,
1012 2201 1058 2258 Pii
1071 2205 1178 2260 habers

160 2275 259 2331 noluit.
280 2276 355 2329 unde
372 2275 404 2329 in
426 2287 491 2326 eum
509 2271 684 2342 epigramma
701 2289 758 2328 non
776 2273 896 2329 inlotum
915 2274 1012 2342 graeci
1029 2275 1178 2330 cuiusdam

160 2348 261 2416 poetes
279 2346 393 2402 uidetur
412 2344 519 2412 extero,
544 2343 619 2413 quod
636 2344 725 2400 latins
744 2346 797 2400 huc
821 2344 964 2400 sententis
988 2345 1152 2402 sentinetur
1171 2347 1175 2418 Ι

162 2424 175 2472 1
195 2417 285 2473 tristis
304 2419 349 2486 (ee
367 2431 490 2484 seuerus,
514 2415 549 2483 cf.
568 2431 591 2470 c.
608 2421 654 2484 11,
679 2418 706 2486 1)
724 2417 836 2485 scripsi:
859 2417 951 2486 turpis
975 2417 1053 2474 codd.
1076 2419 1178 2472 toruus
1237 2437 1239 2452 Α

162 2487 363 2544 Cornelissenus
392 2489 397 2556 Ι
427 2492 443 2542 3
466 2486 558 2541 noluit
580 2489 613 2541 ut
635 2487 746 2558 scripsi:
773 2490 806 2542 ut
832 2487 925 2542 noluit
946 2487 1023 2545 codd.
1047 2491 1081 2544 ut
1105 2488 1180 2544 nolit
1238 2511 1239 2564 Ι

158 2559 243 2629 uulso
259 2561 264 2629 Ι
279 2565 296 2613 4
313 2555 560 2639 neget-recepit
578 2557 655 2642 cond.
672 2560 677 2628 Ι
693 2558 829 2640 ὂιροὺθτίὺ
845 2563 891 2613 BP
904 2576 939 2614 m.
955 2564 969 2612 1
987 2558 992 2631 Ι
1008 2557 1066 2613 dici
1088 2563 1178 2629 utque

159 2627 251 2686 uideri
269 2632 309 2686 ed.
324 2629 397 2714 pul
418 2637 433 2686 6
452 2629 556 2700 impius
575 2629 686 2712 sompni:
710 2628 860 2710 rmperinm
879 2630 955 2686 codd.
981 2633 986 2698 Ι
1011 2630 1105 2686 estet
1124 2632 1180 2686 erit
1238 2675 1239 2678 η

159 2702 261 2758 merito
283 2703 396 2770 senenses
425 2702 468 2756 est
495 2701 524 2755 et
552 2701 607 2754 erit
628 2699 679 2755 rlle
701 2699 757 2755 sibr
779 2702 856 2756 codd.
881 2703 957 2772 (post
974 2702 1054 2756 iilius
1073 2701 1178 2758 merito

159 2774 341 2843 interlapsum
360 2773 471 2828 obuium
488 2770 537 2826 ille
556 2769 611 2826 sibi
630 2776 668 2826 est
687 2772 812 2828 additum
825 2773 933 2840 inseite)
947 2771 1043 2828 extitit
1056 2771 1109 2828 ille
1124 2773 1179 2828 sibi

160 2845 273 2900 Peterson
297 2847 342 2899 nst
360 2844 414 2898 erit
436 2843 485 2898 ills
509 2841 592 2898 simul
615 2843 680 2898 oiim
698 2843 802 2898 conieci
828 2843 837 2912 ΙΙ
866 2849 881 2898 8
903 2842 1019 2912 Capitol.
1039 2843 1058 2900 Ι.
1078 2845 1097 2900 i.
1112 2850 1178 2916 post

158 2916 259 2987 frosm.
273 2915 357 2986 prius
375 2914 426 2971 hos
445 2930 542 2970 uersus
560 2912 706 2982 nescioqui
723 2911 812 2970 istinc
830 2915 909 2970 iuxta
927 2931 984 2982 sos,
1005 2913 1055 2984 qui
1073 2931 1178 2986 graece

161 2989 240 3042 erant
258 2983 411 3057 propositi,
436 2983 545 3040 infore
564 2985 667 3054 posuit.
700 2985 800 3054 quibus
823 2983 948 3055 acceptis
965 2983 1110 3042 Macrinus
1133 2985 1178 3043 his

160 3057 288 3114 uersibus
307 3056 484 3126 respondisse
502 3055 591 3110 fertur
606 3057 611 3125 Ι
633 3063 647 3111 1
666 3055 743 3112 facts
760 3059 781 3109 B
799 3073 834 3112 m.
850 3063 865 3112 1
887 3060 928 3126 {22
947 3055 1071 3126 quilisB
1093 3059 1098 3128 Ι
1118 3057 1178 3114 ium
1238 3067 1239 3080 ¹

159 3125 256 3184 Latius
283 3127 440 3198 RUnqerns
467 3126 629 3184 Macrinum
655 3128 792 3198 corriyens
816 3129 821 3197 Ι
846 3134 863 3184 3
890 3125 963 3184 nihil
995 3127 1037 3184 os
1064 3129 1144 3187 codd.
1169 3131 1174 3202 Ι

159 3215 263 3270 mango
282 3200 476 3254 Burmannus:
495 3215 599 3270 magno
617 3199 694 3253 codd.
712 3200 716 3264 Ι
732 3203 749 3253 4
767 3198 840 3254 mihi
857 3216 907 3255 om.
926 3204 946 3252 P
963 3205 1030 3256 m.l
1052 3200 1063 3270 Ι
1087 3206 1104 3254 θ
1125 3200 1176 3258 Ga·
1238 3213 1239 3218 ’

156 3269 237 3336 psol.
256 3287 284 3324 u.
304 3269 433 3326 Macrini
452 3275 485 3326 14
504 3269 612 3338 dequo
631 3269 829 3340 (Diadumeno)
849 3269 1029 3342 dictumest,
1051 3271 1175 3340 qnodin

161 3338 267 3391 somnis
281 3337 440 3394 Antoninus
458 3339 566 3393 fnisset.
590 3340 663 3394 undo
682 3339 768 3394 etism
786 3358 884 3396 uersus
903 3343 1001 3398 extent
1012 3341 1174 3402 huiusmodi

162 3433 196 3444 -
216 3408 246 3458 et
263 3405 311 3458 isti
329 3423 426 3461 uersus
445 3425 493 3463 sex
511 3408 643 3464 translati
666 3411 733 3465 sunt
755 3410 785 3468 in
802 3412 950 3482 Latinum,
976 3429 1045 3470 nam
1071 3432 1175 3484 moes

163 3475 228 3526 sunt
246 3471 423 3529 disertissimi
448 3481 452 3546 Ι
474 3483 488 3529 1
508 3481 537 3532 et
555 3479 618 3534 stuc
637 3478 678 3549 (di
691 3495 779 3550 supra
798 3485 825 3553 ο)
845 3486 867 3536 B
889 3482 894 3554 Ι
914 3489 931 3537 2
950 3482 1033 3539 illis
1059 3487 1064 3555 Ι
1089 3491 1175 3544 Bueo
