2494 3888
415 129 556 186 VERSUS
574 129 796 188 POPULARES.
1049 131 1114 197 3'69

164 293 292 358 Plinius
317 314 349 360 a.
376 293 405 358 h.
429 292 609 358 XXXVII
632 294 656 377 §
678 296 736 358 50:
766 292 929 359 Domitius
953 293 1042 360 Nero
1077 296 1112 360 in
1148 300 1167 356 8

87 382 215 448 ceteris
237 381 326 448 uitae
347 403 425 447 suae
448 381 610 467 portentis
633 382 771 466 capillos
795 403 922 467 quoque
941 382 1113 469 Poppaeae

88 471 248 558 coniugis
281 493 358 536 suae
394 471 427 534 in
465 470 528 535 hoo
558 493 677 536 nomen
711 471 938 556 adoptauerat,
971 473 1113 559 quodam

91 559 200 624 etiam
225 561 368 625 carmine
392 560 549 625 sucinos
573 559 777 644 appellando.

165 717 287 784 Sueten.
320 719 394 784 Ner.
425 722 488 785 24:
530 718 694 805 aurigauit
730 739 858 804 quoque
894 719 1111 804 plurifariam,
1147 726 1167 781 t)

92 805 262 892 Olympiis
285 829 363 872 uero
387 806 487 872 etiam
510 806 743 892 decemiugem,
771 807 920 892 quamuis
947 808 981 872 id
1006 808 1127 892 ipsum'

91 897 135 996 in
152 917 229 983 rege
243 894 434 960 Mithridate
453 895 597 961 carmine
612 896 751 980 quodam
770 917 830 961 suo
844 896 1113 982 reprehendisset.

166 1053 295 1120 Seuius
312 1055 356 1119 ad
374 1053 482 1137 Geory.
495 1054 563 1119 ΙΙΙ
574 1060 633 1120 36.·
652 1053 839 1139 Cynthium,
857 1076 968 1141 regem
987 1055 1114 1140 Troiae,
1128 1065 1167 1121 10

96 1165 199 1228 quem
221 1145 257 1208 in
278 1142 403 1208 Troicis
427 1144 493 1208 suis
516 1141 605 1208 Nero
629 1149 869 1222 commemorat.

166 1302 297 1368 Seruius
318 1305 363 1368 ad
383 1303 463 1368 Aen.
491 1302 523 1367 V
539 1308 618 1368 370:
645 1325 723 1368 sane
745 1302 799 1368 hic
820 1302 914 1368 Paris
938 1301 1113 1368 seeundum
1128 1312 1166 1369 11

93 1391 218 1457 Troica
244 1389 385 1457 Neronis
417 1391 617 1456 fortissimus
647 1390 724 1475 fuit,
758 1391 838 1456 adeo
871 1395 908 1456 ut
935 1393 970 1455 in
997 1391 1113 1457 Troiae

93 1481 232 1565 agonali
251 1481 425 1546 certamine
449 1483 618 1564 superaret
641 1502 762 1564 omnes,
784 1480 892 1563 ipsum
913 1481 1012 1545 etiam
1030 1479 1113 1545 Hec-

1 1597 7 1607 Α
92 1573 213 1634 torem.
249 1569 304 1654 qui
338 1591 411 1634 cum
442 1571 546 1634 iratus
579 1567 613 1632 in
640 1590 714 1634 eum
748 1569 926 1653 stringeret
958 1569 1114 1654 gladium,

1 1730 2 1735 η
94 1657 182 1722 dixit
205 1680 239 1723 se
262 1680 333 1722 esse
357 1679 561 1744 germanum,
585 1657 671 1741 quod
695 1657 814 1722 adlatis
838 1657 1022 1742 crepundiis
1040 1678 1115 1741 pro-

5 1757 14 1822 ,¹¹
92 1745 205 1832 bauit3
229 1747 348 1832 quippe
372 1747 442 1832 [qui
459 1747 556 1826 codd]
581 1745 696 1811 habitu
718 1745 833 1812 rustici
856 1744 961 1811 adhuc
978 1746 1112 1810 latebat.

500 1976 714 1990 ——w

161 2169 332 2237 UERSUS
354 2169 614 2237 POPULARES
637 2179 674 2236 in
695 2182 865 2236 Neronem
888 2177 1052 2248 aliosque.

144 2310 225 2388 Quis
248 2316 348 2398 negat
371 2313 500 2378 Aeneae
524 2312 704 2397 magnade
727 2311 830 2397 stirpe
853 2309 1041 2376 Neronem?
1149 2319 1166 2373 1

190 2402 323 2466 sustulit
345 2400 398 2466 hio
421 2404 574 2484 matrem,
597 2401 732 2465 sustulit
754 2401 810 2465 ille
832 2403 968 2485 patrem.

11 2531 33 2624 st
143 2559 232 2626 Dum
254 2561 360 2626 tendit
383 2561 543 2626 citharam
566 2563 691 2641 noster,
718 2560 796 2624 dum
819 2581 940 2625 cornua
963 2559 1114 2645 Parthus,
1149 2567 1168 2623 2

7 2650 10 2657 '
189 2653 301 2715 noster
324 2649 386 2715 erit
408 2649 530 2733 Paean,
553 2650 609 2714 ille
631 2647 894 2751 Hecatebeletes.¹

144 2809 251 2875 Roma
274 2809 388 2874 domus
410 2807 480 2873 fiet:
503 2805 604 2873 Veios
627 2807 780 2893 migrate,
803 2806 960 2891 Quirites,
1149 2814 1169 2870 8

191 2899 219 2962 si
242 2919 309 2964 non
332 2901 364 2962 et
386 2896 487 2962 Veios
511 2899 649 2982 occupet
672 2897 737 2962 ista
759 2896 883 2962 domus.

47 3087 62 3161 ,ζ
146 3055 246 3142 disce,
270 3057 378 3141 miles,
401 3052 554 3121 militari:
579 3055 683 3122 Gdlba
705 3065 770 3140 est,
792 3076 859 3120 non
883 3053 1079 3119 Gaetulicus.
1149 3061 1169 3116 4

8 3271 71 3352 'felt
174 3289 269 3340 ms.
287 3289 399 3338 Pom.
428 3290 497 3338 1-e
516 3283 626 3340 Sueten.
645 3283 721 3339 Nero
739 3289 773 3339 39
793 3281 884 3337 multa
901 3279 1116 3352 graecolatine·

22 3349 74 3432 Μ
99 3375 156 3429 que
174 3356 335 3427 proscripta
353 3356 404 3411 aut
420 3354 538 3426 uulgata
555 3356 633 3423 sunt,
657 3354 730 3409 sicut
748 3354 799 3410 illa
812 3356 822 3423 ΙΙ
835 3360 866 3422 2,
885 3359 902 3408 2
920 3369 993 3423 pean
1012 3353 1087 3408 codd.
1110 3352 1114 3424 Ι
1171 3383 1174 3387 -

9 3436 78 3499 aaut
98 3432 172 3486 haec
197 3431 244 3483 ate
272 3427 380 3482 beletes
404 3427 514 3482 Momm.
542 3427 642 3481 hecate
674 3424 782 3481 belotae
810 3424 900 3493 Guelf.
928 3426 938 3494 u
964 3428 982 3476 4
1004 3423 1115 3479 Sados.

11 3497 80 3568 ,miset
102 3501 197 3558 saroa
216 3506 232 3554 6
251 3498 402 3568 statimque
420 3514 471 3568 per
489 3495 737 3553 castrametatum
756 3498 806 3551 est.

155 3599 210 3639 Fu
212 3607 313 3639 rrrrr
330 3609 344 3640 r»
346 3605 637 3639 aaaaaaaaaaaaaaaa
921 3587 957 3638 24
