2494 3888
162 115 229 182 382
454 114 596 171 VERSUS
614 115 654 170 ΙΝ
673 112 771 171 GAES.
794 114 882 171 Rom.

449 289 668 358 Responsum
689 285 885 344 Alexandri.

108 399 146 456 1⁸
206 392 384 460 Pulchrum
408 394 492 479 quod
516 398 614 479 putes
638 415 709 459 esse
730 397 869 458 uestrum
891 413 1005 479 regem

205 483 347 570 uulgari,
370 483 565 568 miserande,
589 482 627 547 de
649 481 786 564 fabella,

206 571 234 636 si
256 594 370 638 uerum
391 577 490 658 putus
513 593 596 654 esse,
618 592 686 636 non
708 570 838 640 irascor.

122 685 127 696 ·
204 663 335 726 tuntum
358 666 393 726 tc
415 659 565 726 comedas
587 660 687 725 uelim
710 659 888 744 lepusclos,

204 754 243 816 ut
263 749 325 815 fies
348 749 449 815 enimi
472 749 566 818 melis
589 747 742 833 repulsis,

132 904 134 912 ,
204 838 353 923 pulchris
373 859 416 904 ne
438 837 584 904 inuideas
607 836 712 902 liuore
735 835 863 900 mentis.
908 898 911 906 ,

440 1023 564 1080 titulus
585 1022 727 1080 Aureoli
747 1021 893 1092 tsrnnnl.

204 1129 296 1196 Hcce
320 1129 565 1216 sepulchrorum
587 1130 695 1194 uictor
716 1132 792 1215 post
815 1129 921 1194 mults
942 1131 1078 1215 tyranni

249 1221 373 1306 proelia
395 1219 461 1285 ism
483 1218 563 1284 felix
586 1217 739 1284 Claudius
763 1210 941 1283 Aureolum

205 1329 337 1374 munere
358 1308 567 1394 prosequitur
589 1305 721 1372 mortali
744 1328 780 1371 ec
802 1305 884 1388 iure,
909 1312 1076 1393 superstes

248 1398 359 1462 uiuere
383 1418 477 1481 quem
501 1397 612 1479 uellet,
636 1395 664 1459 si
686 1398 854 1480 peteretur
876 1417 970 1461 emor

205 1486 318 1551 militis
342 1486 480 1572 egregii,
502 1485 605 1550 uitem
629 1483 685 1568 qui
707 1483 778 1548 iure
799 1484 935 1569 negauit

249 1574 400 1639 omnibus
421 1574 565 1659 indignis
589 1578 622 1638 et
644 1572 750 1659 magis
774 1571 926 1637 Aureolo.

204 1662 261 1728 ille
283 1667 395 1729 tamen
418 1663 572 1745 clemens,
596 1661 652 1746 qui
675 1660 822 1745 corporis
845 1661 962 1725 ultima
985 1683 1120 1729 seruans

250 1755 283 1816 et
305 1755 438 1837 pontem
461 1751 598 1817 Aureoli
621 1749 749 1816 dedicet
771 1753 805 1814 et
827 1750 1001 1815 tumulum.

248 1893 311 1976 en,
334 1893 390 1979 qui
411 1915 496 1958 nune
518 1892 642 1978 patries
666 1892 828 1978 gubernes
852 1911 928 1957 ores

250 1986 283 2047 et
306 1981 461 2047 mundum
485 1982 573 2068 regis
597 1981 732 2063 arbiter,
753 1978 902 2064 priorum

248 2090 338 2138 orsus
360 2072 522 2136 inueteres
544 2069 610 2135 tuis
632 2069 785 2152 nouellis3

248 2160 433 2247 regnabunt
455 2158 576 2223 etenim
598 2160 646 2222 tec·
668 2158 810 2222 minores

249 2252 283 2314 et
304 2269 398 2334 reges
421 2248 542 2313 facient
564 2268 640 2312 suos
663 2247 815 2311 minores.
1160 2265 1175 2313 5

1237 2359 1246 2458 l

233 2501 266 2550 18
285 2495 401 2564 Lampr.
416 2493 433 2548 l.
448 2494 465 2546 l.
477 2496 541 2561 post
557 2492 593 2557 fr.
610 2493 692 2561 prius
709 2488 888 2560 respondisse
905 2489 955 2546 ille
973 2489 1080 2548 dicitur
1095 2511 1178 2564 gree-
1243 2484 1246 2584 l

159 2565 201 2620 cis
219 2565 347 2620 uersibus
365 2565 396 2619 iu
418 2565 491 2618 huuc
512 2563 680 2617 sententium
703 2565 707 2630 Ι
734 2569 747 2616 1
767 2563 896 2631 putussse
915 2578 945 2616 se
967 2578 1066 2631 regem
1089 2567 1178 2632 ecdd,

158 2652 228 2692 corr.
247 2637 288 2692 ed.
304 2654 349 2705 pr.
369 2640 394 2691 et
411 2634 572 2706 Epiroticis}
588 2640 604 2688 3
622 2634 705 2704 putet
722 2633 799 2688 cedd.
816 2634 854 2701 14
872 2635 905 2686 tu
923 2633 987 2688 add.
1006 2633 1176 2708 Epiroticas!
1245 2629 1246 2712 l

157 2706 236 2763 uelin
253 2707 414 2777 lepusculos
438 2707 514 2761 codd.
540 2708 544 2772 Ι
565 2710 629 2775 post
657 2711 673 2760 5
700 2705 812 2760 widemir
834 2704 1006 2760 modim
1031 2723 1134 2764 uersus
1159 2727 1177 2764 a

157 2777 269 2850 pulchri
279 2776 388 2849 (enimi)
397 2777 533 2846 incipiens
544 2776 548 2848 1
560 2782 576 2830 6
586 2773 707 2830 inuidiae
717 2775 794 2832 codd.
810 2776 815 2844 1
831 2774 951 2830 liuorem
963 2778 1034 2846 BP!
1049 2784 1084 2833 14
1097 2779 1174 2835 Treb.

158 2851 250 2906 Pollio
267 2850 306 2906 cn*
325 2891 331 2905 .
351 2855 419 2921 tyrr.
441 2853 472 2902 11
497 2847 571 2902 hunc
595 2846 714 2902 eundem
732 2845 886 2901 Aureolum
905 2844 1039 2902 Claudius
1059 2890 1065 2903 .
1082 2889 1090 2906 .
1110 2867 1175 2906 con·

157 2920 236 2976 flictu
262 2866 360 2975 haiito
392 2918 468 2990 opud
500 2935 564 2973 eum
591 2919 706 2987 pontem
734 2916 891 2985 interemit,
920 2916 968 2987 qui
995 2935 1072 2975 nuuc
1103 2939 1176 2990 pons

157 2990 274 3048 Aureoli
296 2992 486 3060 nuncupetur,
513 2992 598 3058 etque
621 2988 681 3043 illic
703 2991 736 3042 ut
752 2991 904 3058 tyrsmurn
927 2987 1057 3058 sepulcro
1081 2989 1176 3047 humi-

157 3062 227 3119 liore
256 3062 381 3118 donauit.
414 3059 508 3116 extitit
535 3061 689 3116 etiamtunc
716 3059 892 3130 epigramma
918 3075 1052 3128 graecum
1077 3062 1126 3131 (cs.
1147 3063 1174 3119 0.
1240 3061 1245 3072 ¹

156 3132 182 3188 I.
204 3133 252 3190 Gr.
273 3135 353 3204 6761)
376 3131 408 3186 iu
430 3132 503 3187 hunc
525 3131 644 3187 formem
668 3130 778 3185 —hos
805 3145 858 3200 ego
886 3146 985 3186 uersus
1007 3148 1026 3186 u
1048 3134 1173 3202 quodem

157 3203 344 3271 grammatico
367 3203 521 3258 translatos
540 3245 547 3258 .
568 3244 573 3256 .
595 3201 678 3272 posui
702 3205 707 3272 Ι
734 3211 746 3256 1
770 3201 841 3256 hoco
864 3202 977 3270 scripsi:
1000 3202 1076 3258 done
1096 3207 1171 3262 codd.
1244 3223 1245 3258 l

157 3275 216 3328 sinc
233 3275 434 3330 mutuatorie
452 3274 525 3329 dono
540 3273 695 3342 Salmasius
709 3274 890 3342 (superfluum
902 3272 953 3327 hcc
965 3279 1030 3330 onte
1047 3292 1171 3342 munere,
1244 3331 1245 3344 ,

157 3358 206 3396 mc
223 3345 325 3396 uitium
342 3345 483 3398 mancum
500 3345 679 3413 praematico
697 3345 903 3413 imputaum'm)
919 3348 924 3411 Ι
940 3349 957 3398 t
971 3345 1167 3418 prosequitBl
1244 3387 1245 3390 η

158 3412 426 3491 ec(e,ex)scrs'1rsi
444 3431 486 3482 cp.
506 3415 578 3470 uest.
597 3431 652 3484 prr
672 3417 701 3468 et
719 3415 794 3469 codd.
818 3415 823 3482 Ι
845 3419 909 3469 arcto
927 3415 1070 3485 superstes
1088 3419 1168 3474 inre-

154 3493 261 3545 pamm
296 3483 448 3547 superstem
477 3483 657 3539 casaubonus
684 3487 693 3555 ΙΙ
722 3491 754 3540 15
779 3483 857 3540 Trcb.
881 3485 953 3541 Pozz.
978 3485 1117 3545 Claudius
1139 3495 1169 3544 10
