<?xml version="1.0" encoding="UTF-8"?>
<!DOCTYPE html PUBLIC "-//W3C//DTD XHTML 1.0 Transitional//EN"
    "http://www.w3.org/TR/xhtml1/DTD/xhtml1-transitional.dtd">
<html xmlns="http://www.w3.org/1999/xhtml" xml:lang="en" lang="en">
 <head>
  <title>
</title>
<meta http-equiv="Content-Type" content="text/html;charset=utf-8" />
  <meta name='ocr-system' content='tesseract 3.04.00' />
  <meta name='ocr-capabilities' content='ocr_page ocr_carea ocr_par ocr_line ocrx_word'/>
</head>
<body>
  <div class='ocr_page' id='page_1' title='image "./fragmentapoetar00baehgoog_0270.png"; bbox 0 0 2488 3882; ppageno 0'>
   <div class='ocr_carea' id='block_1_1' title="bbox 415 105 1091 192">
    <p class='ocr_par' dir='ltr' id='par_1_1' title="bbox 415 105 1091 192">
     <span class='ocr_line' id='line_1_1' title="bbox 415 105 1091 192; baseline 0.021 -32"><span class='ocrx_word' id='word_1_1' title='bbox 415 105 466 161; x_wconf 85' lang='lat' dir='ltr'><strong>EX</strong></span> <span class='ocrx_word' id='word_1_2' title='bbox 483 107 550 162; x_wconf 89' lang='lat' dir='ltr'><strong>LIB.</strong></span> <span class='ocrx_word' id='word_1_3' title='bbox 569 106 746 163; x_wconf 82' lang='lat' dir='ltr'>INCERTIS.</span> <span class='ocrx_word' id='word_1_4' title='bbox 986 187 989 192; x_wconf 23' lang='grc'>1</span> <span class='ocrx_word' id='word_1_5' title='bbox 1026 108 1091 174; x_wconf 82' lang='grc'><strong>263</strong></span> 
     </span>
    </p>
   </div>
   <div class='ocr_carea' id='block_1_2' title="bbox 71 267 1092 354">
    <p class='ocr_par' dir='ltr' id='par_1_2' title="bbox 71 267 1092 354">
     <span class='ocr_line' id='line_1_2' title="bbox 71 267 1092 354; baseline 0.001 -19.057"><span class='ocrx_word' id='word_1_6' title='bbox 71 269 278 335; x_wconf 83' lang='lat' dir='ltr'><strong>m‘terfecisse</strong></span> <span class='ocrx_word' id='word_1_7' title='bbox 305 267 373 332; x_wconf 82' lang='lat' dir='ltr'><strong>frat</strong></span> <span class='ocrx_word' id='word_1_8' title='bbox 359 272 443 334; x_wconf 91' lang='lat' dir='ltr'><strong>trem</strong></span> <span class='ocrx_word' id='word_1_9' title='bbox 471 269 591 334; x_wconf 87' lang='lat' dir='ltr'><strong>diceret</strong></span> <span class='ocrx_word' id='word_1_10' title='bbox 577 270 758 354; x_wconf 86' lang='lat' dir='ltr'><strong>,&#39;tquod</strong></span> <span class='ocrx_word' id='word_1_11' title='bbox 748 293 818 354; x_wconf 82' lang='lat' dir='ltr'><strong>rpsc</strong></span> <span class='ocrx_word' id='word_1_12' title='bbox 846 275 921 336; x_wconf 86' lang='lat' dir='ltr'><strong>ante</strong></span> <span class='ocrx_word' id='word_1_13' title='bbox 950 271 988 336; x_wconf 88' lang='lat' dir='ltr'><strong>de</strong></span> <span class='ocrx_word' id='word_1_14' title='bbox 1015 292 1092 337; x_wconf 90' lang='lat' dir='ltr'><strong>nece</strong></span> 
     </span>
    </p>
   </div>
   <div class='ocr_carea' id='block_1_3' title="bbox 72 320 1092 512">
    <p class='ocr_par' dir='ltr' id='par_1_3' title="bbox 72 320 1092 512">
     <span class='ocr_line' id='line_1_3' title="bbox 72 320 1092 476; baseline 0.002 -52"><span class='ocrx_word' id='word_1_15' title='bbox 72 358 147 424; x_wconf 87' lang='lat' dir='ltr'><strong>eius</strong></span> <span class='ocrx_word' id='word_1_16' title='bbox 181 357 353 423; x_wconf 90' lang='lat' dir='ltr'><strong>consilium</strong></span> <span class='ocrx_word' id='word_1_17' title='bbox 389 359 540 442; x_wconf 74' lang='lat' dir='ltr'><strong>cepisset,</strong></span> <span class='ocrx_word' id='word_1_18' title='bbox 576 320 712 444; x_wconf 77' lang='lat' dir='ltr'><strong>lieropa</strong></span> <span class='ocrx_word' id='word_1_19' title='bbox 743 359 854 425; x_wconf 84' lang='lat' dir='ltr'><strong>fratris</strong></span> <span class='ocrx_word' id='word_1_20' title='bbox 891 383 972 426; x_wconf 88' lang='lat' dir='ltr'><strong>uxor</strong></span> <span class='ocrx_word' id='word_1_21' title='bbox 1003 359 1092 476; x_wconf 79' lang='lat' dir='ltr'><strong>hisce</strong></span> 
     </span>
     <span class='ocr_line' id='line_1_4' title="bbox 72 444 558 512; baseline -0.002 0"><span class='ocrx_word' id='word_1_22' title='bbox 72 447 157 512; x_wconf 87' lang='lat' dir='ltr'><strong>adeo</strong></span> <span class='ocrx_word' id='word_1_23' title='bbox 182 468 256 512; x_wconf 90' lang='lat' dir='ltr'><strong>eum</strong></span> <span class='ocrx_word' id='word_1_24' title='bbox 278 444 387 511; x_wconf 87' lang='lat' dir='ltr'><strong>uerbis</strong></span> <span class='ocrx_word' id='word_1_25' title='bbox 411 447 558 512; x_wconf 88' lang='lat' dir='ltr'><strong>eluserit.</strong></span> 
     </span>
    </p>
   </div>
   <div class='ocr_carea' id='block_1_4' title="bbox 121 585 1010 764">
    <p class='ocr_par' dir='ltr' id='par_1_4' title="bbox 121 585 1010 764">
     <span class='ocr_line' id='line_1_5' title="bbox 122 585 1010 672; baseline 0.002 -20.044"><span class='ocrx_word' id='word_1_26' title='bbox 122 587 239 672; x_wconf 77' lang='lat' dir='ltr'><strong>eiyoip</strong></span> <span class='ocrx_word' id='word_1_27' title='bbox 263 585 294 651; x_wconf 78' lang='lat' dir='ltr'><strong>o&#39;</strong></span> <span class='ocrx_word' id='word_1_28' title='bbox 321 589 471 672; x_wconf 79' lang='grc' dir='ltr'><em>ἔμελλεν,</em></span> <span class='ocrx_word' id='word_1_29' title='bbox 496 587 540 664; x_wconf 79' lang='grc' dir='ltr'><strong>ὡς</strong></span> <span class='ocrx_word' id='word_1_30' title='bbox 564 589 607 652; x_wconf 85' lang='grc' dir='ltr'><strong>σὺ</strong></span> <span class='ocrx_word' id='word_1_31' title='bbox 630 591 712 672; x_wconf 82' lang='grc' dir='ltr'><em>φής,</em></span> <span class='ocrx_word' id='word_1_32' title='bbox 734 591 876 654; x_wconf 78' lang='grc' dir='ltr'><strong><em>κτείνειν</em></strong></span> <span class='ocrx_word' id='word_1_33' title='bbox 900 593 1010 672; x_wconf 79' lang='grc' dir='ltr'><em>πόσις,</em></span> 
     </span>
     <span class='ocr_line' id='line_1_6' title="bbox 121 672 975 764; baseline -0.005 -23"><span class='ocrx_word' id='word_1_34' title='bbox 121 685 207 761; x_wconf 78' lang='grc' dir='ltr'><em>χρῆν</em></span> <span class='ocrx_word' id='word_1_35' title='bbox 230 673 285 740; x_wconf 85' lang='lat' dir='ltr'><strong>nul</strong></span> <span class='ocrx_word' id='word_1_36' title='bbox 309 672 345 741; x_wconf 76' lang='lat' dir='ltr'><strong>ol</strong></span> <span class='ocrx_word' id='word_1_37' title='bbox 369 675 517 760; x_wconf 80' lang='grc' dir='ltr'><em>μέλλειν,</em></span> <span class='ocrx_word' id='word_1_38' title='bbox 542 675 604 753; x_wconf 76' lang='grc' dir='ltr'><strong>ἕως</strong></span> <span class='ocrx_word' id='word_1_39' title='bbox 626 680 748 762; x_wconf 80' lang='grc' dir='ltr'><em>χρόνος</em></span> <span class='ocrx_word' id='word_1_40' title='bbox 769 681 975 764; x_wconf 75' lang='grc' dir='ltr'><em>παρήλυθεν,</em></span> 
     </span>
    </p>
   </div>
   <div class='ocr_carea' id='block_1_5' title="bbox 71 815 1093 1082">
    <p class='ocr_par' dir='ltr' id='par_1_5' title="bbox 71 815 1092 1082">
     <span class='ocr_line' id='line_1_7' title="bbox 72 815 1092 905; baseline 0.003 -22.045"><span class='ocrx_word' id='word_1_41' title='bbox 72 819 126 884; x_wconf 80' lang='lat' dir='ltr'><strong>‘at</strong></span> <span class='ocrx_word' id='word_1_42' title='bbox 149 818 212 883; x_wconf 93' lang='lat' dir='ltr'><strong>hoc</strong></span> <span class='ocrx_word' id='word_1_43' title='bbox 235 815 332 882; x_wconf 83' lang='lat' dir='ltr'><strong>enim’</strong></span> <span class='ocrx_word' id='word_1_44' title='bbox 356 819 465 903; x_wconf 88' lang='lat' dir='ltr'><strong>inquit</strong></span> <span class='ocrx_word' id='word_1_45' title='bbox 489 818 654 904; x_wconf 86' lang='lat' dir='ltr'><strong>planet</strong></span> <span class='ocrx_word' id='word_1_46' title='bbox 623 819 732 884; x_wconf 85' lang='lat' dir='ltr'><strong>ettiult</strong></span> <span class='ocrx_word' id='word_1_47' title='bbox 691 819 783 884; x_wconf 88' lang='lat' dir='ltr'><strong>trtiae</strong></span> <span class='ocrx_word' id='word_1_48' title='bbox 805 817 938 905; x_wconf 90' lang='lat' dir='ltr'><strong>plenum</strong></span> <span class='ocrx_word' id='word_1_49' title='bbox 962 824 1026 905; x_wconf 89' lang='lat' dir='ltr'><strong>est,</strong></span> <span class='ocrx_word' id='word_1_50' title='bbox 1054 843 1092 886; x_wconf 90' lang='lat' dir='ltr'><strong>eo</strong></span> 
     </span>
     <span class='ocr_line' id='line_1_8' title="bbox 71 907 1093 996; baseline 0 -22"><span class='ocrx_word' id='word_1_51' title='bbox 71 907 268 974; x_wconf 87' lang='lat' dir='ltr'><strong>consilioa</strong></span> <span class='ocrx_word' id='word_1_52' title='bbox 248 910 345 991; x_wconf 89' lang='lat' dir='ltr'><strong>atque</strong></span> <span class='ocrx_word' id='word_1_53' title='bbox 374 929 412 973; x_wconf 87' lang='lat' dir='ltr'><strong>ea</strong></span> <span class='ocrx_word' id='word_1_54' title='bbox 439 907 497 971; x_wconf 88' lang='lat' dir='ltr'><strong>fini</strong></span> <span class='ocrx_word' id='word_1_55' title='bbox 523 907 629 973; x_wconf 84' lang='lat' dir='ltr'><strong>facere</strong></span> <span class='ocrx_word' id='word_1_56' title='bbox 657 908 742 974; x_wconf 91' lang='lat' dir='ltr'><strong>uelle</strong></span> <span class='ocrx_word' id='word_1_57' title='bbox 766 909 902 996; x_wconf 85' lang='lat' dir='ltr'><strong>aliquid,</strong></span> <span class='ocrx_word' id='word_1_58' title='bbox 929 910 978 976; x_wconf 93' lang='lat' dir='ltr'><strong>uti</strong></span> <span class='ocrx_word' id='word_1_59' title='bbox 1001 931 1093 974; x_wconf 90' lang='lat' dir='ltr'><strong>num·</strong></span> 
     </span>
     <span class='ocr_line' id='line_1_9' title="bbox 72 993 704 1082; baseline -0.003 -20"><span class='ocrx_word' id='word_1_60' title='bbox 72 1018 176 1082; x_wconf 89' lang='lat' dir='ltr'><strong>quam</strong></span> <span class='ocrx_word' id='word_1_61' title='bbox 199 994 231 1059; x_wconf 85' lang='lat' dir='ltr'><strong>id</strong></span> <span class='ocrx_word' id='word_1_62' title='bbox 254 993 371 1082; x_wconf 81' lang='lat' dir='ltr'><strong>facias,</strong></span> <span class='ocrx_word' id='word_1_63' title='bbox 395 996 483 1080; x_wconf 85' lang='lat' dir='ltr'><strong>quod</strong></span> <span class='ocrx_word' id='word_1_64' title='bbox 505 995 609 1062; x_wconf 89' lang='lat' dir='ltr'><strong>uelis&#39;.</strong></span> <span class='ocrx_word' id='word_1_65' title='bbox 703 1009 704 1013; x_wconf 77' lang='grc'>’</span> 
     </span>
    </p>
   </div>
   <div class='ocr_carea' id='block_1_6' title="bbox 71 1152 1164 1503">
    <p class='ocr_par' dir='ltr' id='par_1_6' title="bbox 71 1152 1164 1503">
     <span class='ocr_line' id='line_1_10' title="bbox 144 1152 1164 1239; baseline 0.001 -19"><span class='ocrx_word' id='word_1_66' title='bbox 144 1154 258 1220; x_wconf 82' lang='lat' dir='ltr'><strong>Festus</strong></span> <span class='ocrx_word' id='word_1_67' title='bbox 284 1158 364 1220; x_wconf 82' lang='lat'><em>173:</em></span> <span class='ocrx_word' id='word_1_68' title='bbox 402 1152 481 1220; x_wconf 90' lang='lat' dir='ltr'><strong>non</strong></span> <span class='ocrx_word' id='word_1_69' title='bbox 519 1154 670 1221; x_wconf 86' lang='lat' dir='ltr'><strong>omnibus</strong></span> <span class='ocrx_word' id='word_1_70' title='bbox 707 1155 846 1222; x_wconf 91' lang='lat' dir='ltr'><strong>dormio&#39;</strong></span> <span class='ocrx_word' id='word_1_71' title='bbox 883 1157 1093 1239; x_wconf 89' lang='lat' dir='ltr'><strong>prouerbium</strong></span> <span class='ocrx_word' id='word_1_72' title='bbox 1107 1164 1164 1221; x_wconf 75' lang='lat' dir='ltr'><strong>ule</strong></span> 
     </span>
     <span class='ocr_line' id='line_1_11' title="bbox 71 1241 1093 1328; baseline -0.001 -18"><span class='ocrx_word' id='word_1_73' title='bbox 71 1244 207 1310; x_wconf 86' lang='lat' dir='ltr'><strong>uidetur</strong></span> <span class='ocrx_word' id='word_1_74' title='bbox 225 1246 340 1308; x_wconf 83' lang='lat' dir='ltr'><strong>natum</strong></span> <span class='ocrx_word' id='word_1_75' title='bbox 359 1265 379 1308; x_wconf 88' lang='lat' dir='ltr'><strong>a</strong></span> <span class='ocrx_word' id='word_1_76' title='bbox 397 1241 491 1328; x_wconf 77' lang='lat' dir='ltr'><strong>Cipio</strong></span> <span class='ocrx_word' id='word_1_77' title='bbox 511 1243 651 1328; x_wconf 89' lang='lat' dir='ltr'><strong>quidam,</strong></span> <span class='ocrx_word' id='word_1_78' title='bbox 670 1245 725 1328; x_wconf 93' lang='lat' dir='ltr'><strong>qui</strong></span> <span class='ocrx_word' id='word_1_79' title='bbox 741 1244 969 1310; x_wconf 87' lang='lat' dir='ltr'><strong>Pararenchon</strong></span> <span class='ocrx_word' id='word_1_80' title='bbox 988 1245 1093 1311; x_wconf 88' lang='lat' dir='ltr'><strong>dictus</strong></span> 
     </span>
     <span class='ocr_line' id='line_1_12' title="bbox 71 1331 1094 1418; baseline -0.001 -19"><span class='ocrx_word' id='word_1_81' title='bbox 71 1339 141 1416; x_wconf 87' lang='lat' dir='ltr'><strong>est,</strong></span> <span class='ocrx_word' id='word_1_82' title='bbox 166 1332 251 1416; x_wconf 90' lang='lat' dir='ltr'><strong>quod</strong></span> <span class='ocrx_word' id='word_1_83' title='bbox 276 1331 445 1396; x_wconf 75' lang='lat' dir='ltr'><strong>simularet</strong></span> <span class='ocrx_word' id='word_1_84' title='bbox 468 1332 696 1414; x_wconf 83' lang='lat' dir='ltr'>dormientem,</span> <span class='ocrx_word' id='word_1_85' title='bbox 720 1356 783 1418; x_wconf 92' lang='lat' dir='ltr'><strong>quo</strong></span> <span class='ocrx_word' id='word_1_86' title='bbox 803 1333 995 1418; x_wconf 87' lang='lat' dir='ltr'><strong>impunitius</strong></span> <span class='ocrx_word' id='word_1_87' title='bbox 1014 1355 1094 1398; x_wconf 85' lang='lat' dir='ltr'><strong>uxor</strong></span> 
     </span>
     <span class='ocr_line' id='line_1_13' title="bbox 72 1420 1093 1503; baseline 0.002 -16"><span class='ocrx_word' id='word_1_88' title='bbox 72 1423 147 1488; x_wconf 87' lang='lat' dir='ltr'><strong>eius</strong></span> <span class='ocrx_word' id='word_1_89' title='bbox 176 1421 410 1485; x_wconf 77' lang='lat' dir='ltr'><strong>moecharetur.</strong></span> <span class='ocrx_word' id='word_1_90' title='bbox 447 1420 516 1486; x_wconf 90' lang='lat' dir='ltr'><strong>eius</strong></span> <span class='ocrx_word' id='word_1_91' title='bbox 544 1422 694 1486; x_wconf 88' lang='lat' dir='ltr'><strong>meminit</strong></span> <span class='ocrx_word' id='word_1_92' title='bbox 720 1421 874 1487; x_wconf 80' lang='lat' dir='ltr'><strong>Lucilius.</strong></span> <span class='ocrx_word' id='word_1_93' title='bbox 898 1458 939 1468; x_wconf 89' lang='lat'>—</span> <span class='ocrx_word' id='word_1_94' title='bbox 968 1423 1006 1503; x_wconf 84' lang='lat' dir='ltr'><strong>cf.</strong></span> <span class='ocrx_word' id='word_1_95' title='bbox 1033 1421 1093 1489; x_wconf 81' lang='lat' dir='ltr'><strong>Oia</strong></span> 
     </span>
    </p>
   </div>
   <div class='ocr_carea' id='block_1_7' title="bbox 71 1509 436 1593">
    <p class='ocr_par' dir='ltr' id='par_1_7' title="bbox 71 1509 436 1593">
     <span class='ocr_line' id='line_1_14' title="bbox 71 1509 436 1593; baseline -0.008 -16"><span class='ocrx_word' id='word_1_96' title='bbox 71 1512 121 1577; x_wconf 75' lang='lat' dir='ltr'><strong>aa</strong></span> <span class='ocrx_word' id='word_1_97' title='bbox 140 1511 218 1590; x_wconf 77' lang='lat' dir='ltr'><strong>fau.</strong></span> <span class='ocrx_word' id='word_1_98' title='bbox 242 1509 315 1574; x_wconf 80' lang='lat' dir='ltr'><strong>VII</strong></span> <span class='ocrx_word' id='word_1_99' title='bbox 332 1514 386 1593; x_wconf 77' lang='lat'><strong>24,</strong></span> <span class='ocrx_word' id='word_1_100' title='bbox 408 1514 436 1574; x_wconf 91' lang='lat'><strong>1.</strong></span> 
     </span>
    </p>
   </div>
   <div class='ocr_carea' id='block_1_8' title="bbox 72 1650 1166 1824">
    <p class='ocr_par' dir='ltr' id='par_1_8' title="bbox 72 1650 1166 1824">
     <span class='ocr_line' id='line_1_15' title="bbox 145 1650 1166 1738; baseline -0.004 -22"><span class='ocrx_word' id='word_1_101' title='bbox 145 1650 319 1734; x_wconf 67' lang='lat' dir='ltr'><strong>Porphyrii</strong></span> <span class='ocrx_word' id='word_1_102' title='bbox 341 1652 386 1716; x_wconf 74' lang='lat' dir='ltr'><strong>aa</strong></span> <span class='ocrx_word' id='word_1_103' title='bbox 405 1651 487 1716; x_wconf 88' lang='lat' dir='ltr'><strong>Hor.</strong></span> <span class='ocrx_word' id='word_1_104' title='bbox 508 1656 566 1716; x_wconf 82' lang='lat' dir='ltr'><strong>sut.</strong></span> <span class='ocrx_word' id='word_1_105' title='bbox 589 1651 636 1716; x_wconf 92' lang='grc' dir='ltr'><strong>ΙΙ</strong></span> <span class='ocrx_word' id='word_1_106' title='bbox 652 1657 681 1736; x_wconf 88' lang='grc'><strong>3,</strong></span> <span class='ocrx_word' id='word_1_107' title='bbox 699 1657 759 1718; x_wconf 82' lang='lat'><strong>41:</strong></span> <span class='ocrx_word' id='word_1_108' title='bbox 783 1652 926 1718; x_wconf 85' lang='lat' dir='ltr'><strong>ostendit</strong></span> <span class='ocrx_word' id='word_1_109' title='bbox 950 1653 1024 1738; x_wconf 86' lang='lat' dir='ltr'><strong>quid</strong></span> <span class='ocrx_word' id='word_1_110' title='bbox 1050 1654 1093 1718; x_wconf 88' lang='lat' dir='ltr'><strong>sit</strong></span> <span class='ocrx_word' id='word_1_111' title='bbox 1107 1658 1166 1714; x_wconf 79' lang='grc'><strong>916</strong></span> 
     </span>
     <span class='ocr_line' id='line_1_16' title="bbox 72 1738 616 1824; baseline -0.002 -18"><span class='ocrx_word' id='word_1_112' title='bbox 72 1743 182 1824; x_wconf 83' lang='lat' dir='ltr'><strong>furor,</strong></span> <span class='ocrx_word' id='word_1_113' title='bbox 205 1743 242 1803; x_wconf 87' lang='lat' dir='ltr'><strong>ut</strong></span> <span class='ocrx_word' id='word_1_114' title='bbox 265 1738 409 1804; x_wconf 81' lang='lat' dir='ltr'><strong>Lucilius</strong></span> <span class='ocrx_word' id='word_1_115' title='bbox 455 1761 473 1801; x_wconf 69' lang='lat' dir='ltr'><strong>s</strong></span> <span class='ocrx_word' id='word_1_116' title='bbox 518 1762 536 1800; x_wconf 64' lang='lat' dir='ltr'><strong>e</strong></span> <span class='ocrx_word' id='word_1_117' title='bbox 581 1761 616 1806; x_wconf 69' lang='lat' dir='ltr'><strong>s.</strong></span> 
     </span>
    </p>
   </div>
   <div class='ocr_carea' id='block_1_9' title="bbox 72 1880 1163 2143">
    <p class='ocr_par' dir='ltr' id='par_1_9' title="bbox 72 1880 1163 2143">
     <span class='ocr_line' id='line_1_17' title="bbox 146 1880 1163 1962; baseline -0.002 -17"><span class='ocrx_word' id='word_1_118' title='bbox 146 1880 362 1962; x_wconf 74' lang='lat' dir='ltr'><strong>Quintilianus</strong></span> <span class='ocrx_word' id='word_1_119' title='bbox 383 1881 410 1946; x_wconf 94' lang='lat' dir='ltr'><strong><em>I</em></strong></span> <span class='ocrx_word' id='word_1_120' title='bbox 428 1883 456 1961; x_wconf 88' lang='lat'><strong>5,</strong></span> <span class='ocrx_word' id='word_1_121' title='bbox 475 1882 533 1946; x_wconf 81' lang='lat'><strong>56:</strong></span> <span class='ocrx_word' id='word_1_122' title='bbox 555 1884 648 1947; x_wconf 87' lang='lat' dir='ltr'><strong>taceo</strong></span> <span class='ocrx_word' id='word_1_123' title='bbox 673 1881 711 1946; x_wconf 89' lang='lat' dir='ltr'><strong>dc</strong></span> <span class='ocrx_word' id='word_1_124' title='bbox 733 1883 835 1948; x_wconf 88' lang='lat' dir='ltr'><strong>tuscis</strong></span> <span class='ocrx_word' id='word_1_125' title='bbox 859 1887 891 1947; x_wconf 90' lang='lat' dir='ltr'><strong>et</strong></span> <span class='ocrx_word' id='word_1_126' title='bbox 915 1883 1038 1948; x_wconf 86' lang='lat' dir='ltr'><strong>sabinis</strong></span> <span class='ocrx_word' id='word_1_127' title='bbox 1062 1886 1095 1948; x_wconf 91' lang='lat' dir='ltr'><strong>et</strong></span> <span class='ocrx_word' id='word_1_128' title='bbox 1108 1889 1163 1945; x_wconf 77' lang='grc'><strong>917</strong></span> 
     </span>
     <span class='ocr_line' id='line_1_18' title="bbox 72 1967 1095 2056; baseline 0.003 -22"><span class='ocrx_word' id='word_1_129' title='bbox 72 1969 295 2056; x_wconf 79' lang='lat' dir='ltr'><strong>praenestinis</strong></span> <span class='ocrx_word' id='word_1_130' title='bbox 324 1991 453 2055; x_wconf 89' lang='lat' dir='ltr'><strong>quoque</strong></span> <span class='ocrx_word' id='word_1_131' title='bbox 481 1967 641 2055; x_wconf 72' lang='lat' dir='ltr'><strong>(uerbislr</strong></span> <span class='ocrx_word' id='word_1_132' title='bbox 671 1993 747 2035; x_wconf 87' lang='lat' dir='ltr'><strong>nam</strong></span> <span class='ocrx_word' id='word_1_133' title='bbox 775 1975 813 2035; x_wconf 89' lang='lat' dir='ltr'><strong>ut</strong></span> <span class='ocrx_word' id='word_1_134' title='bbox 841 1993 953 2037; x_wconf 89' lang='lat' dir='ltr'><strong>eorum</strong></span> <span class='ocrx_word' id='word_1_135' title='bbox 977 1993 1095 2038; x_wconf 89' lang='lat' dir='ltr'><strong>sermo·</strong></span> 
     </span>
     <span class='ocr_line' id='line_1_19' title="bbox 73 2057 945 2143; baseline 0.003 -20"><span class='ocrx_word' id='word_1_136' title='bbox 73 2081 153 2124; x_wconf 90' lang='lat' dir='ltr'><strong>nem</strong></span> <span class='ocrx_word' id='word_1_137' title='bbox 177 2061 322 2123; x_wconf 87' lang='lat' dir='ltr'><strong>utentem</strong></span> <span class='ocrx_word' id='word_1_138' title='bbox 345 2057 494 2124; x_wconf 87' lang='lat' dir='ltr'><strong>Vettium</strong></span> <span class='ocrx_word' id='word_1_139' title='bbox 517 2057 660 2124; x_wconf 89' lang='lat' dir='ltr'><strong>Lucilius</strong></span> <span class='ocrx_word' id='word_1_140' title='bbox 683 2059 863 2125; x_wconf 85' lang='lat' dir='ltr'><strong>insectatur</strong></span> <span class='ocrx_word' id='word_1_141' title='bbox 885 2081 945 2143; x_wconf 83' lang='lat' dir='ltr'><strong>eqs.</strong></span> 
     </span>
    </p>
   </div>
   <div class='ocr_carea' id='block_1_10' title="bbox 73 2199 1166 2728">
    <p class='ocr_par' dir='ltr' id='par_1_10' title="bbox 73 2199 1166 2728">
     <span class='ocr_line' id='line_1_20' title="bbox 145 2199 1166 2267; baseline -0.004 -1"><span class='ocrx_word' id='word_1_142' title='bbox 145 2199 276 2266; x_wconf 79' lang='lat' dir='ltr'><strong>Seruius</strong></span> <span class='ocrx_word' id='word_1_143' title='bbox 302 2201 346 2265; x_wconf 82' lang='lat' dir='ltr'><strong>od</strong></span> <span class='ocrx_word' id='word_1_144' title='bbox 366 2201 445 2266; x_wconf 83' lang='lat' dir='ltr'><strong>Aen.</strong></span> <span class='ocrx_word' id='word_1_145' title='bbox 474 2200 569 2266; x_wconf 88' lang='lat' dir='ltr'><strong><em>VIII</em></strong></span> <span class='ocrx_word' id='word_1_146' title='bbox 587 2207 624 2266; x_wconf 88' lang='lat'><strong>9:</strong></span> <span class='ocrx_word' id='word_1_147' title='bbox 656 2199 831 2266; x_wconf 85' lang='lat' dir='ltr'><strong>Diomedes</strong></span> <span class='ocrx_word' id='word_1_148' title='bbox 859 2205 1025 2267; x_wconf 89' lang='lat' dir='ltr'><strong>reuertens</strong></span> <span class='ocrx_word' id='word_1_149' title='bbox 1054 2201 1093 2267; x_wconf 90' lang='lat' dir='ltr'><strong>de</strong></span> <span class='ocrx_word' id='word_1_150' title='bbox 1107 2207 1166 2263; x_wconf 79' lang='lat'><strong>918</strong></span> 
     </span>
     <span class='ocr_line' id='line_1_21' title="bbox 73 2288 1095 2374; baseline 0 -20"><span class='ocrx_word' id='word_1_151' title='bbox 73 2288 179 2354; x_wconf 83' lang='lat' dir='ltr'><strong>Troia</strong></span> <span class='ocrx_word' id='word_1_152' title='bbox 201 2293 377 2372; x_wconf 84' lang='lat' dir='ltr'><strong>postquam</strong></span> <span class='ocrx_word' id='word_1_153' title='bbox 399 2290 545 2374; x_wconf 90' lang='lat' dir='ltr'><strong>repperit</strong></span> <span class='ocrx_word' id='word_1_154' title='bbox 566 2289 616 2354; x_wconf 84' lang='lat' dir='ltr'><strong>ira</strong></span> <span class='ocrx_word' id='word_1_155' title='bbox 638 2288 775 2354; x_wconf 87' lang='lat' dir='ltr'><strong>Veneris</strong></span> <span class='ocrx_word' id='word_1_156' title='bbox 804 2312 824 2354; x_wconf 89' lang='lat' dir='ltr'><strong>a</strong></span> <span class='ocrx_word' id='word_1_157' title='bbox 847 2312 881 2355; x_wconf 88' lang='lat' dir='ltr'><strong>se</strong></span> <span class='ocrx_word' id='word_1_158' title='bbox 904 2291 1095 2355; x_wconf 86' lang='lat' dir='ltr'><strong>uulneratae</strong></span> 
     </span>
     <span class='ocr_line' id='line_1_22' title="bbox 73 2377 1095 2463; baseline -0.001 -19"><span class='ocrx_word' id='word_1_159' title='bbox 73 2399 213 2444; x_wconf 85' lang='lat' dir='ltr'><strong>uxorem</strong></span> <span class='ocrx_word' id='word_1_160' title='bbox 234 2377 433 2463; x_wconf 87' lang='lat' dir='ltr'><strong>[Aegialiam</strong></span> <span class='ocrx_word' id='word_1_161' title='bbox 452 2379 541 2444; x_wconf 80' lang='lat' dir='ltr'><strong>addit</strong></span> <span class='ocrx_word' id='word_1_162' title='bbox 557 2398 641 2443; x_wconf 78' lang='lat' dir='ltr'><strong>rinus</strong></span> <span class='ocrx_word' id='word_1_163' title='bbox 658 2380 762 2460; x_wconf 78' lang='lat' dir='ltr'><strong>roden]</strong></span> <span class='ocrx_word' id='word_1_164' title='bbox 784 2378 868 2462; x_wconf 85' lang='lat' dir='ltr'><strong>apud</strong></span> <span class='ocrx_word' id='word_1_165' title='bbox 887 2378 997 2463; x_wconf 81' lang='lat' dir='ltr'><strong>Argos</strong></span> <span class='ocrx_word' id='word_1_166' title='bbox 1021 2401 1095 2444; x_wconf 87' lang='lat' dir='ltr'><strong>cum</strong></span> 
     </span>
     <span class='ocr_line' id='line_1_23' title="bbox 73 2465 1095 2553; baseline 0.001 -21"><span class='ocrx_word' id='word_1_167' title='bbox 73 2466 256 2552; x_wconf 79' lang='lat' dir='ltr'><strong>Cylaraba,</strong></span> <span class='ocrx_word' id='word_1_168' title='bbox 278 2469 315 2530; x_wconf 94' lang='lat' dir='ltr'><strong>ut</strong></span> <span class='ocrx_word' id='word_1_169' title='bbox 338 2465 496 2551; x_wconf 86' lang='lat' dir='ltr'><strong>Lucilius,</strong></span> <span class='ocrx_word' id='word_1_170' title='bbox 528 2466 581 2531; x_wconf 88' lang='lat' dir='ltr'><strong>uel</strong></span> <span class='ocrx_word' id='word_1_171' title='bbox 610 2465 759 2552; x_wconf 77' lang='lat' dir='ltr'><strong>Cometa,</strong></span> <span class='ocrx_word' id='word_1_172' title='bbox 791 2470 828 2532; x_wconf 92' lang='lat' dir='ltr'><strong>ut</strong></span> <span class='ocrx_word' id='word_1_173' title='bbox 855 2468 1000 2553; x_wconf 90' lang='lat' dir='ltr'><strong>plerique</strong></span> <span class='ocrx_word' id='word_1_174' title='bbox 1027 2472 1095 2533; x_wconf 84' lang='lat' dir='ltr'><strong>tra-</strong></span> 
     </span>
     <span class='ocr_line' id='line_1_24' title="bbox 74 2555 1096 2640; baseline -0.001 -18"><span class='ocrx_word' id='word_1_175' title='bbox 74 2557 169 2639; x_wconf 89' lang='lat' dir='ltr'><strong>dunt,</strong></span> <span class='ocrx_word' id='word_1_176' title='bbox 192 2555 331 2639; x_wconf 84' lang='lat' dir='ltr'><strong>turpiter</strong></span> <span class='ocrx_word' id='word_1_177' title='bbox 353 2555 474 2639; x_wconf 91' lang='lat' dir='ltr'><strong>uiuere,</strong></span> <span class='ocrx_word' id='word_1_178' title='bbox 497 2555 604 2620; x_wconf 91' lang='lat' dir='ltr'><strong>noluit</strong></span> <span class='ocrx_word' id='word_1_179' title='bbox 626 2556 748 2621; x_wconf 89' lang='lat' dir='ltr'><strong>reuerti</strong></span> <span class='ocrx_word' id='word_1_180' title='bbox 769 2555 809 2620; x_wconf 86' lang='lat' dir='ltr'><strong>ad</strong></span> <span class='ocrx_word' id='word_1_181' title='bbox 829 2557 970 2640; x_wconf 83' lang='lat' dir='ltr'><strong>petriam</strong></span> <span class='ocrx_word' id='word_1_182' title='bbox 990 2605 1019 2621; x_wconf 88' lang='lat'><strong>..</strong></span> <span class='ocrx_word' id='word_1_183' title='bbox 1040 2557 1096 2622; x_wconf 88' lang='lat' dir='ltr'><strong>sed</strong></span> 
     </span>
     <span class='ocr_line' id='line_1_25' title="bbox 74 2643 1096 2728; baseline 0.001 -19"><span class='ocrx_word' id='word_1_184' title='bbox 74 2644 187 2709; x_wconf 88' lang='lat' dir='ltr'><strong>tenuit</strong></span> <span class='ocrx_word' id='word_1_185' title='bbox 209 2647 319 2727; x_wconf 82' lang='lat' dir='ltr'><strong>partes</strong></span> <span class='ocrx_word' id='word_1_186' title='bbox 342 2643 496 2728; x_wconf 71' lang='lat' dir='ltr'><strong>Apuliae,</strong></span> <span class='ocrx_word' id='word_1_187' title='bbox 524 2648 557 2709; x_wconf 91' lang='lat' dir='ltr'><strong>et</strong></span> <span class='ocrx_word' id='word_1_188' title='bbox 585 2644 730 2710; x_wconf 87' lang='lat' dir='ltr'><strong>edomita</strong></span> <span class='ocrx_word' id='word_1_189' title='bbox 758 2645 848 2710; x_wconf 91' lang='lat' dir='ltr'><strong>omni</strong></span> <span class='ocrx_word' id='word_1_190' title='bbox 870 2645 991 2710; x_wconf 88' lang='lat' dir='ltr'><strong>montis</strong></span> <span class='ocrx_word' id='word_1_191' title='bbox 1016 2645 1096 2710; x_wconf 81' lang='lat' dir='ltr'><strong>Gar·</strong></span> 
     </span>
    </p>
   </div>
   <div class='ocr_carea' id='block_1_11' title="bbox 4 2731 1095 2887">
    <p class='ocr_par' dir='ltr' id='par_1_11' title="bbox 4 2731 1095 2887">
     <span class='ocr_line' id='line_1_26' title="bbox 4 2731 1095 2886; baseline 0 -89"><span class='ocrx_word' id='word_1_192' title='bbox 4 2785 5 2818; x_wconf 77' lang='lat'><strong>,</strong></span> <span class='ocrx_word' id='word_1_193' title='bbox 74 2731 395 2886; x_wconf 54' lang='lat' dir='ltr'><strong>ganfflultitudine</strong></span> <span class='ocrx_word' id='word_1_194' title='bbox 422 2731 457 2796; x_wconf 90' lang='lat' dir='ltr'><strong>in</strong></span> <span class='ocrx_word' id='word_1_195' title='bbox 485 2733 598 2797; x_wconf 87' lang='lat' dir='ltr'><strong>eodem</strong></span> <span class='ocrx_word' id='word_1_196' title='bbox 625 2737 734 2799; x_wconf 86' lang='lat' dir='ltr'><strong>tractu</strong></span> <span class='ocrx_word' id='word_1_197' title='bbox 763 2733 913 2799; x_wconf 83' lang='lat' dir='ltr'><strong>ciuitates</strong></span> <span class='ocrx_word' id='word_1_198' title='bbox 936 2733 1095 2818; x_wconf 84' lang='lat' dir='ltr'><strong>plurimas</strong></span> 
     </span>
     <span class='ocr_line' id='line_1_27' title="bbox 73 2844 231 2887; baseline -0.006 0"><span class='ocrx_word' id='word_1_199' title='bbox 73 2844 139 2887; x_wconf 92' lang='lat' dir='ltr'><strong>con</strong></span> <span class='ocrx_word' id='word_1_200' title='bbox 196 2844 231 2886; x_wconf 91' lang='lat'><strong>1.</strong></span> 
     </span>
    </p>
   </div>
   <div class='ocr_carea' id='block_1_12' title="bbox 74 2960 1168 3227">
    <p class='ocr_par' dir='ltr' id='par_1_12' title="bbox 74 2960 1168 3227">
     <span class='ocr_line' id='line_1_28' title="bbox 145 2960 1168 3049; baseline 0 -23"><span class='ocrx_word' id='word_1_201' title='bbox 145 2960 276 3026; x_wconf 78' lang='lat' dir='ltr'><strong>Seruius</strong></span> <span class='ocrx_word' id='word_1_202' title='bbox 297 2963 341 3028; x_wconf 82' lang='lat' dir='ltr'><strong>ud</strong></span> <span class='ocrx_word' id='word_1_203' title='bbox 362 2962 440 3028; x_wconf 83' lang='lat' dir='ltr'><strong>Aen.</strong></span> <span class='ocrx_word' id='word_1_204' title='bbox 459 2962 496 3028; x_wconf 91' lang='lat' dir='ltr'><strong>X</strong></span> <span class='ocrx_word' id='word_1_205' title='bbox 511 2967 591 3029; x_wconf 77' lang='lat'><em>184:</em></span> <span class='ocrx_word' id='word_1_206' title='bbox 615 2963 718 3049; x_wconf 84' lang='lat' dir='ltr'><strong>Pyrgi</strong></span> <span class='ocrx_word' id='word_1_207' title='bbox 741 3011 771 3028; x_wconf 90' lang='lat'><strong>..</strong></span> <span class='ocrx_word' id='word_1_208' title='bbox 796 2962 882 3046; x_wconf 91' lang='lat' dir='ltr'><strong>quod</strong></span> <span class='ocrx_word' id='word_1_209' title='bbox 906 2966 1021 3048; x_wconf 88' lang='lat' dir='ltr'><strong>postea</strong></span> <span class='ocrx_word' id='word_1_210' title='bbox 1044 2984 1096 3027; x_wconf 87' lang='lat' dir='ltr'><strong>ex·</strong></span> <span class='ocrx_word' id='word_1_211' title='bbox 1109 2986 1168 3042; x_wconf 73' lang='lat'><strong>919</strong></span> 
     </span>
     <span class='ocr_line' id='line_1_29' title="bbox 74 3049 1095 3138; baseline 0 -22"><span class='ocrx_word' id='word_1_212' title='bbox 74 3053 262 3138; x_wconf 82' lang='lat' dir='ltr'><strong>pugnatum</strong></span> <span class='ocrx_word' id='word_1_213' title='bbox 286 3073 305 3115; x_wconf 91' lang='lat' dir='ltr'><strong>a</strong></span> <span class='ocrx_word' id='word_1_214' title='bbox 327 3049 488 3135; x_wconf 88' lang='lat' dir='ltr'><strong>Dionysio</strong></span> <span class='ocrx_word' id='word_1_215' title='bbox 511 3057 650 3137; x_wconf 86' lang='lat' dir='ltr'><strong>tyranno</strong></span> <span class='ocrx_word' id='word_1_216' title='bbox 671 3050 801 3116; x_wconf 81' lang='lat' dir='ltr'><strong>Siciliae</strong></span> <span class='ocrx_word' id='word_1_217' title='bbox 820 3051 947 3136; x_wconf 87' lang='lat' dir='ltr'><strong>dicitur,</strong></span> <span class='ocrx_word' id='word_1_218' title='bbox 971 3050 1008 3114; x_wconf 89' lang='lat' dir='ltr'><strong>de</strong></span> <span class='ocrx_word' id='word_1_219' title='bbox 1031 3073 1095 3134; x_wconf 93' lang='lat' dir='ltr'><strong>quo</strong></span> 
     </span>
     <span class='ocr_line' id='line_1_30' title="bbox 74 3138 629 3227; baseline 0.004 -23"><span class='ocrx_word' id='word_1_220' title='bbox 74 3138 224 3205; x_wconf 89' lang='lat' dir='ltr'><strong>Lucilius</strong></span> <span class='ocrx_word' id='word_1_221' title='bbox 248 3143 379 3205; x_wconf 85' lang='lat' dir='ltr'><strong>scorta</strong></span> <span class='ocrx_word' id='word_1_222' title='bbox 401 3139 629 3227; x_wconf 84' lang='lat' dir='ltr'><strong>Pyrgensia.</strong></span> 
     </span>
    </p>
   </div>
   <div class='ocr_carea' id='block_1_13' title="bbox 4 3279 1168 3542">
    <p class='ocr_par' dir='ltr' id='par_1_13' title="bbox 4 3279 1168 3542">
     <span class='ocr_line' id='line_1_31' title="bbox 4 3279 1168 3368; baseline -0.004 -18"><span class='ocrx_word' id='word_1_223' title='bbox 4 3303 14 3350; x_wconf 73' lang='lat' dir='ltr'><strong>r</strong></span> <span class='ocrx_word' id='word_1_224' title='bbox 144 3279 274 3347; x_wconf 78' lang='lat' dir='ltr'><strong>Plinius</strong></span> <span class='ocrx_word' id='word_1_225' title='bbox 304 3302 335 3346; x_wconf 92' lang='lat' dir='ltr'><strong>n.</strong></span> <span class='ocrx_word' id='word_1_226' title='bbox 358 3281 393 3347; x_wconf 76' lang='lat' dir='ltr'><strong>ir.</strong></span> <span class='ocrx_word' id='word_1_227' title='bbox 423 3282 517 3348; x_wconf 87' lang='lat' dir='ltr'><strong><em>VIII</em></strong></span> <span class='ocrx_word' id='word_1_228' title='bbox 543 3284 568 3368; x_wconf 76' lang='lat'><em>§</em></span> <span class='ocrx_word' id='word_1_229' title='bbox 595 3285 674 3349; x_wconf 83' lang='lat'><em>195:</em></span> <span class='ocrx_word' id='word_1_230' title='bbox 709 3281 842 3347; x_wconf 84' lang='lat' dir='ltr'><strong>crebrae</strong></span> <span class='ocrx_word' id='word_1_231' title='bbox 875 3285 1095 3366; x_wconf 85' lang='lat' dir='ltr'><strong>papaueratae</strong></span> <span class='ocrx_word' id='word_1_232' title='bbox 1110 3303 1168 3361; x_wconf 74' lang='lat'><strong>920</strong></span> 
     </span>
     <span class='ocr_line' id='line_1_32' title="bbox 76 3369 1096 3456; baseline -0.003 -20"><span class='ocrx_word' id='word_1_233' title='bbox 76 3369 296 3454; x_wconf 87' lang='lat' dir='ltr'><strong>antiquiorem</strong></span> <span class='ocrx_word' id='word_1_234' title='bbox 320 3370 443 3434; x_wconf 86' lang='lat' dir='ltr'><strong>habent</strong></span> <span class='ocrx_word' id='word_1_235' title='bbox 467 3371 627 3456; x_wconf 84' lang='lat' dir='ltr'><strong>originem</strong></span> <span class='ocrx_word' id='word_1_236' title='bbox 649 3371 717 3437; x_wconf 83' lang='lat' dir='ltr'><strong>iam</strong></span> <span class='ocrx_word' id='word_1_237' title='bbox 741 3369 782 3436; x_wconf 88' lang='lat' dir='ltr'><strong>ab</strong></span> <span class='ocrx_word' id='word_1_238' title='bbox 801 3369 928 3435; x_wconf 89' lang='lat' dir='ltr'><strong>Lucilio</strong></span> <span class='ocrx_word' id='word_1_239' title='bbox 946 3374 1045 3454; x_wconf 84' lang='lat' dir='ltr'><strong>poeta</strong></span> <span class='ocrx_word' id='word_1_240' title='bbox 1062 3370 1096 3433; x_wconf 91' lang='lat' dir='ltr'><strong>in</strong></span> 
     </span>
     <span class='ocr_line' id='line_1_33' title="bbox 75 3460 411 3542; baseline -0.003 -18"><span class='ocrx_word' id='word_1_241' title='bbox 75 3460 245 3542; x_wconf 77' lang='lat' dir='ltr'><strong>Torquato</strong></span> <span class='ocrx_word' id='word_1_242' title='bbox 268 3463 411 3524; x_wconf 85' lang='lat' dir='ltr'><strong>notatae.</strong></span> 
     </span>
    </p>
   </div>
   <div class='ocr_carea' id='block_1_14' title="bbox 0 0 1252 3882">
    <p class='ocr_par' dir='ltr' id='par_1_14' title="bbox 0 0 1252 3882">
     <span class='ocr_line' id='line_1_34' title="bbox 0 0 1252 3882; baseline 0 0"><span class='ocrx_word' id='word_1_243' title='bbox 0 0 1252 3882; x_wconf 95' lang='lat' dir='ltr'><strong> </strong></span> 
     </span>
    </p>
   </div>
  </div>
 </body>
</html>
