2484 3886
162 109 227 173 120
562 101 604 172 Ὠ.
622 105 766 161 ENNIUS.

250 272 328 337 nim
352 269 407 355 qui
431 291 464 334 se
486 269 640 334 frustrari
664 270 761 353 quem
783 267 907 335 frustra
930 269 1044 352 sentit,
1220 223 1223 306 Ᾰ

251 360 442 442 frustratur,
465 357 497 424 si
516 357 684 441 frustrast3
706 355 764 421 ille
787 379 853 422 non
877 360 928 422 est
950 357 1076 423 frustra

92 528 150 584 480
258 519 472 601 Quintilianus
493 517 552 582 IX
571 521 603 601 2,
623 523 682 583 36:
706 518 762 583 sed
785 516 909 582 formas
932 539 1059 603 quoque
1080 517 1161 604 fingi·
1223 499 1224 534 .

164 633 235 676 mus
266 630 375 694 saepe,
403 611 440 671 ut
466 605 603 672 Famam
625 604 807 692 Vergilius,
834 611 872 671 ut
897 606 1104 692 Voluptatem
1127 627 1159 672 ss

163 698 330 764 Virtutem
396 695 562 776 Prodicus,
585 694 781 796 utnMcrtem
802 717 840 760 ac
857 694 980 780 Vitam,
1004 719 1082 781 quas
1098 718 1161 762 con·

164 788 334 853 tendentes
357 807 392 850 m
414 788 525 850 satura
547 783 649 848 tradrt
672 782 808 848 Enmus.

93 953 150 1009 481
256 946 375 1012 Gellius
406 945 452 1008 ΙΙ
479 949 540 1010 29:
578 942 739 1028 ‘auiculs',
770 943 877 1028 inquit
911 942 1083 1030 (Aesopus)
1113 946 1167 1010 ‘est
1224 939 1225 942 ¹

164 1057 281 1121 parus,
313 1055 433 1100 nomen
465 1037 516 1098 est
548 1032 676 1098 cassita.
719 1032 851 1099 habitat
883 1033 1109 1119 nidulaturque
1137 1033 1167 1098 in

166 1125 340 1209 segetibus,
363 1122 396 1187 id
418 1124 520 1186 ferme
543 1121 707 1206 temporis,
730 1125 767 1185 ut
790 1125 925 1208 appetat
944 1124 1061 1188 messis
1079 1122 1166 1208 pullis

165 1215 298 1279 iamiam
330 1210 563 1296 plumantibus.
608 1232 647 1274 ea
679 1210 799 1275 cassita
829 1209 864 1274 in
901 1217 1063 1276 sementes
1094 1211 1169 1277 forte

166 1305 376 1388 congesserat
398 1298 674 1383 tempestiuiores3
697 1303 870 1384 propterea
891 1299 1066 1366 frumentis
1083 1301 1170 1366 flaue-

167 1391 331 1457 scentibus
354 1388 439 1475 pulli
462 1389 562 1452 etism
585 1391 662 1453 tunc
684 1388 867 1453 inuolueres
887 1392 991 1455 erant.
1025 1391 1099 1454 dum
1117 1388 1171 1476 igi-

166 1484 221 1544 tur
243 1481 315 1564 ipss
337 1478 401 1542 iret
424 1477 531 1542 cibum
554 1477 654 1562 pullis
677 1477 873 1560 quaesitum,
901 1481 1014 1542 monet
1042 1501 1110 1562 eos,
1134 1481 1173 1561 ut,

168 1568 196 1634 si
229 1567 305 1652 quid
336 1567 383 1631 ibi
414 1566 461 1630 rei
490 1587 595 1630 nouae
621 1565 715 1629 fieret
738 1565 952 1650 discreturus,
981 1568 1175 1633 animaduer-

166 1662 274 1722 terent
291 1656 389 1739 idque
407 1655 457 1718 uti
476 1655 548 1738 sibi,
567 1653 623 1718 ubi
641 1654 788 1737 redisset,
806 1655 1005 1720 nuntiarent.
1033 1656 1172 1722 dominus
1226 1691 1227 1698 .

167 1748 283 1831 postes
306 1747 453 1827 segetum
480 1743 612 1807 illarum
634 1743 737 1808 filium
766 1743 1008 1810 adulescentem
1032 1749 1125 1812 uocat
1145 1747 1174 1809 et

168 1831 324 1898 ‘uidesne'
347 1831 454 1916 inquit
477 1831 569 1896 ‘haec
592 1832 806 1897 ematuruisse
835 1827 871 1896 et
894 1854 1010 1898 manus
1040 1835 1106 1900 iam
1126 1855 1176 1920 pe

169 1922 312 1988 stulsre?
344 1920 464 1986 idcirco
488 1921 539 1985 die
562 1921 710 2004 crastini,
738 1920 794 1985 ubi
816 1921 958 2004 primum
982 1921 1178 2006 diluculabit‚

167 2012 220 2076 isc
244 2011 365 2076 amicos
389 2031 444 2074 ess
468 2014 501 2074 et
524 2031 634 2096 roges,
656 2009 791 2074 ueniant
813 2031 1011 2096 operamque
1036 2016 1180 2078 mutuum

169 2101 246 2166 dent
269 2104 303 2165 et
325 2099 458 2164 messim
480 2099 565 2163 hanc
591 2098 686 2163 nobis
716 2097 889 2164 adiuuent'.
930 2099 1012 2165 haec
1042 2102 1101 2166 ubi
1127 2101 1181 2165 ille
1227 2171 1228 2176 η

169 2189 263 2273 dixit,
296 2190 356 2270 [et]
390 2187 548 2252 discessit.
595 2190 692 2272 atque
729 2187 785 2252 ubi
816 2187 901 2252 redit
936 2188 1071 2274 cassita,
1102 2189 1182 2277 pulli
1227 2197 1228 2204 ’

168 2277 366 2344 tremibundi
389 2275 545 2360 trepiduli
568 2276 834 2361 circumstrepere
857 2297 1015 2362 orareque
1037 2283 1181 2363 matrem,

169 2371 206 2433 ut
246 2367 312 2430 ism
355 2365 467 2430 statim
504 2368 658 2449 properet
693 2365 792 2448 inque
829 2365 929 2430 alium
966 2366 1075 2432 locum
1116 2389 1183 2433 sese

170 2456 329 2538 asportet3
352 2453 441 2518 ‘nam
471 2452 631 2518 dominus'
659 2455 812 2537 inquiunt
835 2452 950 2538 ‘misit
979 2456 1037 2540 qui
1065 2457 1185 2522 amicos

170 2545 275 2629 roget,
292 2541 342 2606 uti
360 2542 431 2608 luce
451 2542 575 2608 oriente
593 2542 726 2608 ueniunt
746 2547 779 2607 et
798 2541 943 2608 metant'.
970 2547 1076 2610 mater
1095 2545 1185 2612 iubet

170 2772 316 2842 frustrare)
335 2772 447 2840 scripsi:
465 2770 571 2826 frustra
589 2785 650 2824 esse
669 2770 746 2825 codd.
763 2773 767 2837 Ι
784 2776 801 2824 3
817 2787 846 2826 se
865 2770 1015 2827 Votienus:
1034 2788 1096 2828 sese
1111 2776 1185 2830 codd.

171 2844 220 2912 qui
248 2843 272 2897 si
296 2860 325 2897 se
351 2844 452 2910 (deleto
478 2841 560 2911 nam)
588 2840 753 2896 Rittcclcius
777 2844 782 2909 1
806 2846 823 2896 t
845 2841 963 2896 frustras
991 2844 1079 2898 sentit
1106 2847 1187 2916 (sim.)

172 2915 248 2969 codri.
263 2918 375 2984 praeter
389 2930 475 2967 smum
492 2916 496 2979 Ι
512 2919 529 2966 4
543 2911 591 2980 qui
607 2912 756 2967 frustretur
774 2914 865 2979 codd.;
884 2911 933 2982 qui
946 2930 1039 2983 praue
1057 2916 1187 2972 iteratum

172 2987 260 3042 aeuus
276 2985 279 3058 t
297 2985 321 3038 si
340 2988 384 3052 (=
403 2985 546 3052 siquidem)
565 2984 678 3052 scripsi:
696 2984 721 3037 is
739 2985 816 3039 codd.
833 2983 914 3054 {post
931 2984 1064 3039 trustrast
1083 2986 1137 3058 [sic
1154 2993 1186 3042 οε

172 3073 216 3111 -ra
230 3057 342 3123 estsere
356 3053 448 3124 ceteri]
463 3055 538 3108 codd.
551 3055 572 3108 si
588 3060 759 3109 euremarus
769 3071 853 3110 causa
864 3057 1102 3112 additumtubeat
1118 3061 1123 3128 Ι
1138 3059 1186 3113 ille

171 3145 228 3182 nou
244 3127 395 3181 Vutteuus:
409 3141 466 3179 non
479 3123 527 3178 ille
542 3126 618 3181 codd.
633 3127 643 3194 u
656 3130 705 3180 4s1
720 3127 868 3196 (uidstasc
879 3128 1187 3198 insusurratum

175 3197 376 3252 ORitteckium
390 3212 424 3250 m.
439 3195 492 3249 Ru.
510 3200 542 3250 10
555 3213 586 3265 p.
602 3201 665 3265 290)
684 3198 715 3251 iu
732 3197 787 3264 fuse
805 3199 837 3252 iu
855 3197 936 3253 Enni
958 3199 1084 3254 ausibus
1105 3206 1119 3256 1
1135 3201 1187 3256 hoc

172 3269 268 3337 aalys:
293 3267 384 3336 h(u)ec
407 3267 483 3322 codd.
514 3268 518 3335 Ι
542 3271 675 3336 promptu
697 3274 729 3322 T:
752 3269 935 3339 prom(p)tum
957 3273 1062 3322 PBYV
1087 3271 1092 3340 Ι
1117 3277 1133 3326 t
1156 3275 1187 3326 tu

173 3357 199 3408 q.
219 3355 244 3392 a.
263 3355 290 3406 p.
308 3338 420 3406 serrpsi:
444 3355 470 3406 q.
489 3339 521 3391 tu
540 3353 565 3392 a.
581 3357 609 3408 p.
628 3340 705 3394 codd.
724 3357 751 3408 q.
769 3341 831 3394 tute
850 3357 874 3395 u.
895 3359 922 3410 p.
942 3339 1095 3398 Frutem'us
1113 3357 1138 3398 a.
1156 3345 1188 3398 tu

173 3427 199 3479 q.
215 3427 242 3478 p.
257 3407 439 3463 LMuetlsrus
457 3409 581 3479 (similem
593 3410 677 3466 taius
691 3411 836 3481 apoloyum
849 3413 1016 3468 Ennianum
1032 3414 1065 3468 iu
1079 3413 1188 3486 Hypim'

175 3481 271 3536 ‘ausu
290 3485 342 3534 220
361 3495 503 3550 aquescens
521 3479 576 3534 siti
594 3483 671 3536 uuus
689 3488 727 3536 est
744 3481 929 3540 Bueetetsrus
941 3501 976 3540 m.
991 3483 1046 3540 Bt.
1062 3491 1139 3557 419.
1152 3488 1187 3557 t).
