2498 3882
164 126 230 192 354
471 121 677 180 CORNELIUS
697 121 870 178 SEVERUS.

211 288 450 372 patriciumque
473 285 565 351 nefas
590 287 749 350 exectum:
772 305 877 369 poena
900 281 1039 370 Cethegi

211 375 418 459 deiectusque
441 373 525 439 redit
547 375 634 438 uotis
658 371 800 438 Catilina
821 372 981 438 nefandis.

210 463 287 549 quid
309 464 404 528 fauor
428 468 485 528 ant
508 466 633 544 coetus,
657 461 745 545 pleni
768 460 845 545 quid
867 460 1048 526 honoribus
1073 463 1155 527 anni

209 551 412 636 profuerant,
436 551 537 616 sacris
561 553 594 614 et
617 554 695 614 uota
719 550 797 633 quid
820 550 946 613 artibus
969 551 1086 614 aetas?

210 640 347 705 abstulit
368 661 433 705 una
457 639 525 704 dies
549 639 621 704 aeui
644 637 755 720 decus,
777 637 905 721 ictaque
929 637 1019 703 luctu
1152 656 1188 704 10

210 729 368 794 conticuit
389 727 504 792 Latiae
527 727 633 791 tristis
656 725 809 790 facundia
830 726 969 809 linguae.

210 817 305 882 unica
328 815 478 883 sollicitis
503 815 666 901 quondam
688 814 792 878 tutela
816 813 981 898 salusque,

210 905 378 991 egregium
401 927 528 988 semper
550 903 676 988 patriae
700 907 811 985 caput,
833 902 890 966 ille
913 906 1048 967 senatus

209 993 341 1077 uindex,
363 993 420 1058 ille
442 992 521 1076 fori,
545 994 653 1076 legum
676 990 821 1075 iurisque
843 995 1004 1075 togaeque

211 1082 344 1166 publica
367 1105 444 1163 uox,
467 1082 573 1145 saeuis
597 1085 763 1144 aeternum
786 1079 952 1144 obmutuit
977 1080 1091 1144 armis!
1152 1098 1186 1146 15

210 1171 366 1235 informes
389 1170 499 1235 uoltus
523 1189 735 1254 sparsamque
759 1188 871 1232 cruore
893 1166 1033 1232 nefando

211 1259 363 1324 canitiem
386 1279 558 1340 sacrasque
581 1277 697 1320 manus
721 1277 920 1340 operumque
944 1255 1115 1322 ministras

210 1349 376 1411 tantorum
400 1345 536 1430 pedibus
562 1344 643 1410 ciuis
666 1343 812 1428 proiecta
836 1344 984 1430 superbis

211 1434 413 1519 proculcauit
435 1455 537 1498 ouans
559 1455 619 1498 nec
642 1433 768 1497 lubrica
790 1433 861 1498 fata
884 1433 1024 1517 deosque

210 1524 363 1605 respexit!
387 1522 478 1586 nullo
502 1522 572 1586 luet
594 1520 656 1586 hoc
680 1519 842 1586 Antonius
867 1543 957 1587 aeuo.
1150 1540 1184 1588 2ο

211 1610 275 1676 hoc
297 1633 356 1675 nec
378 1611 412 1674 in
435 1609 593 1674 Emathio
616 1609 721 1673 tristis
745 1609 884 1674 uictoria
907 1610 1006 1674 Perse

210 1721 269 1764 nec
292 1698 367 1782 tibi,
391 1698 459 1762 dire
484 1696 631 1783 Syphax,
653 1719 720 1763 non
741 1696 833 1780 fecit,
856 1698 938 1763 false
961 1696 1130 1783 Philippe3

210 1787 308 1871 inque
331 1787 535 1871 triumphato
558 1786 701 1851 ludibria
722 1786 836 1850 iuncta
857 1785 1019 1870 Iugurtha

212 1874 377 1956 afuerunt,
400 1879 595 1958 nostraeque
619 1875 735 1940 cadens
758 1873 846 1939 ferus
868 1873 1036 1940 Hannibal
1060 1875 1130 1941 irae

211 1964 358 2029 membra
369 1967 481 2028 tamen
491 1961 626 2048 Stygias
640 1961 718 2027 tulit
734 1963 892 2028 inuiolata
907 1964 967 2027 sub
983 1964 1128 2030 umbrae.
1148 1981 1181 2029 ro

166 2211 213 2260 ΑΒ
230 2209 235 2277 Ι
252 2215 267 2264 6
281 2207 486 2278 patriciumque
500 2212 526 2262 et
543 2214 562 2260 τ
581 2213 606 2263 et
623 2212 646 2259 v
659 2224 693 2262 m.
710 2213 739 2262 2:
758 2205 961 2278 patriciumque
974 2212 995 2262 B
1009 2208 1179 2278 patrocium·

166 2295 222 2348 que
239 2282 275 2345 Δ,
298 2283 322 2331 V
340 2285 405 2332 m.1
429 2279 543 2346 (amaia
565 2284 585 2331 2
604 2278 682 2402 91213
712 2279 717 2346 Ι
746 2277 873 2333 exectum
899 2281 1013 2348 serapam
1041 2282 1088 2335 est
1112 2283 1181 2336 tnnc

166 2350 243 2404 codd.
263 2348 418 2403 extinctum
436 2351 465 2403 et
485 2348 645 2405 Groncuiua
683 2350 804 2404 etectum
828 2351 858 2403 at
876 2349 1024 2406 Iaecbsiae
1044 2356 1049 2417 Ι
1069 2351 1181 2422 gestegi

166 2423 214 2472 AB
231 2419 235 2488 Ι
252 2424 267 2474 7
287 2419 417 2475 catillina
433 2423 481 2472 AB
501 2431 544 2487 (ecc
564 2416 696 2476 Catulino
712 2419 835 2487 format)
861 2423 866 2488 Ι
891 2425 908 2474 8
926 2423 976 2476 aut
994 2421 1089 2478 cultus
1106 2421 1180 2479 Bac
1222 2467 1237 2508 q

165 2491 240 2544 ttius
258 2490 390 2546 adsuetus
408 2490 544 2546 Heinsius
564 2493 568 2560 Ι
589 2496 605 2545 9
624 2490 789 2559 profuerunt
806 2491 891 2560 aulae
910 2493 915 2560 Ι
935 2494 1052 2548 etanta
1069 2495 1181 2563 scripsi:

166 2563 195 2615 et
222 2559 283 2616 uita
310 2562 388 2618 codd.
416 2564 516 2617 exacta
543 2561 671 2616 Schottue
697 2562 764 2630 (meo
790 2567 901 2618 cauato
927 2564 992 2618 acta
1017 2579 1074 2633 pro
1101 2567 1182 2620 aetas

166 2630 313 2700 Erasmus)
339 2635 344 2700 Ι
368 2635 543 2701 egaceaque
569 2632 648 2686 luctu
675 2636 699 2684 Δ
724 2637 728 2698 Ι
754 2636 787 2686 10
815 2631 891 2704 aeui]
919 2633 996 2690 urbis
1021 2637 1180 2706 Bantius}

168 2702 589 2759 111atietaalatesnm.1
614 2705 698 2773 ΗΡ.
714 2707 764 2770 48,
781 2705 831 2759 ubi
848 2705 895 2759 tic
910 2721 939 2760 a.
957 2707 1105 2774 repetitur,
1124 2707 1181 2762 late
1233 2727 1236 2742 ⁴

165 2774 218 2829 soli
237 2780 277 2828 Μ
295 2791 330 2830 m.
346 2777 372 2842 1)
389 2777 394 2841 Ι
411 2779 445 2828 18
464 2773 588 2842 etgeium
605 2777 653 2827 AB
670 2777 675 2844 Ι
692 2778 726 2828 14
743 2772 869 2842 iurisque
886 2775 1034 2832 Renoua:
1053 2778 1182 2847 ritusque

166 2845 243 2900 codd.
262 2845 408 2912 imumque
423 2845 668 2915 Liadcnbropiasl
687 2850 719 2900 15
739 2845 830 2900 seems
845 2845 980 2916 Scaliqer:
999 2845 1060 2901 ains
1080 2851 1180 2910 ceddi

167 2914 319 2971 ommutuit
337 2915 444 2982 (teuit)
463 2918 511 2967 AB
537 2920 541 2982 Ι
568 2921 601 2971 16
619 2914 725 2970 inferes
742 2919 791 2968 AB
817 2918 821 2984 Ι
846 2915 942 2970 uultus
959 2923 980 2970 2
998 2918 1154 2974 uolutus!
1234 2935 1235 2978 Ι

166 3001 268 3042 cruone
288 2991 329 3038 Μ
345 2987 349 3053 Ι
368 2991 399 3040 1‘1
419 2985 560 3054 geniciem
577 2989 626 3038 AB
642 2990 647 3056 Ι
664 2993 697 3041 18
716 2985 798 3057 ciuis]
818 2985 895 3043 uices
912 2991 960 3040 AB
976 2993 981 3055 Ι
997 2989 1160 3044 201ιιοοη

165 3056 302 3112 toniueA
327 3058 331 3124 Ι
356 3061 390 3109 21
409 3054 534 3111 hematio
553 3060 628 3111 ΛΠ
653 3060 657 3124 Ι
681 3056 771 3112 tristis
789 3058 901 3126 scriptia
922 3057 1013 3114 mittis
1032 3063 1084 3112 AV
1104 3060 1181 3116 mitis
1214 3068 1234 3123 s

165 3132 233 3180 m
259 3132 263 3194 Ι
289 3132 323 3182 22
342 3127 396 3182 tibi
413 3127 527 3196 scripsir
545 3129 575 3182 ta
593 3129 680 3196 codd,
699 3129 771 3196 qood
783 3130 900 3197 pessime
916 3128 946 3183 in
965 3131 994 3184 te
1011 3131 1156 3198 «aplicans
1174 3131 1178 3200 Ι
1233 3123 1234 3153 ¹

165 3196 240 3251 diras
253 3212 342 3266 sypax
355 3202 404 3251 AB
420 3198 424 3266 Ι
441 3197 511 3253 false
526 3196 658 3267 Philippa
671 3200 783 3268 scripsi:
801 3199 883 3254 hoste
897 3197 1030 3269 Philippo
1050 3200 1179 3272 (filippho

166 3270 224 3330 AB)
247 3269 323 3322 codd.
347 3267 377 3321 in
394 3269 422 3321 h.
440 3267 493 3324 Ph.
516 3270 600 3337 uutyo
625 3286 629 3332 Ι
655 3274 689 3324 23
714 3269 810 3324 iuncta
831 3270 943 3339 sampsi:
972 3273 1076 3326 cuncta
1104 3274 1178 3328 codd.

166 3336 247 3388 tanta
269 3335 392 3390 Sciratae
418 3343 424 3405 Ι
452 3335 568 3407 iugurta
589 3342 665 3392 ΛΠ
691 3341 804 3408 iurgare
825 3346 845 3392 2
874 3345 878 3403 Ι
907 3345 943 3394 24
969 3340 1082 3396 afuerat
1105 3347 1177 3397 m

166 3401 297 3456 afuerant
323 3410 339 3455 Β
366 3405 484 3460 affuerat
510 3413 530 3459 2
557 3409 689 3464 afuerunt
714 3410 850 3466 Heinsius
874 3415 878 3476 Ι
903 3412 1057 3480 nostraque
1080 3443 1116 3454 —
1138 3413 1176 3468 ira

167 3470 323 3536 Stephanae
347 3474 352 3538 Ι
377 3473 492 3530 annibal
510 3482 566 3532 AB.
