2470 3898
464 121 678 180 Parasino.
1031 123 1075 188 25

59 287 212 354 Catonem
225 290 361 369 repetam
378 285 672 368 disciplinarum
691 286 784 352 libros
797 284 959 353 moribus
978 291 1080 352 troas·

60 376 209 442 euntes?
244 374 361 460 quibus
389 378 476 440 reete
504 375 672 458 perpensis
702 375 835 440 dubium
864 396 934 440 esse
957 375 1080 459 nequit,

60 465 142 551 quin
166 463 392 531 Cassiodorius
417 463 551 528 adludat
574 485 641 529 non
664 465 770 530 solum
793 465 834 529 ad
858 463 1023 550 generalia
1046 463 1079 528 in

59 554 165 619 uariis
186 552 377 638 disciplinis,
399 551 455 618 sed
474 551 575 618 etiam
594 553 635 618 ad
655 552 809 638 specialia
827 553 862 618 in
879 556 974 637 parte
997 573 1079 617 mor-

61 643 107 708 ali
130 645 322 728 praecepta,
353 663 434 726 quae
458 639 541 706 Cato
564 641 600 706 in
622 663 682 706 sua
704 642 806 726 ipsius
830 643 899 707 uita
923 641 968 706 sit
991 663 1079 706 seeu-

60 737 115 796 tus
139 731 339 796 fidelissime.
384 732 418 795 et
439 729 516 794 hino
540 730 586 797 sio
615 733 740 814 statuo,
766 730 848 796 illud
870 731 910 795 de
934 729 1079 794 moribus

61 841 199 886 carmen
222 842 243 885 a
265 817 372 884 Gellio
395 817 457 904 (XI
475 817 511 903 2)
535 818 704 886 laudatum
727 841 794 885 non
816 819 917 884 fuisse
940 818 1080 904 peculia-

59 931 132 974 rem
161 908 300 993 librum,
327 908 381 974 sed
414 910 543 991 partem
575 907 736 993 quandam
763 912 1011 994 praeceptorum
1039 907 1080 972 ad

58 998 169 1063 filium
188 997 352 1080 datorum3
376 1019 458 1082 quae
483 995 547 1062 tuit
570 995 705 1063 OIahnii
728 1019 856 1082 quoque
880 996 990 1082 opinio
1014 992 1081 1082 (die

58 1108 164 1152 roem.
190 1086 325 1170 Eneyel.
352 1108 383 1170 p.
411 1082 501 1172 271).
546 1085 701 1150 nimirum
729 1086 881 1152 conuenit
909 1107 973 1150 uox
1001 1083 1080 1150 ‘oar-

59 1174 151 1240 men’
180 1175 228 1240 eis
257 1195 339 1258 quae
366 1174 463 1240 modo
492 1174 530 1239 de
559 1173 657 1240 ‘uate’
687 1173 811 1240 Catone
842 1174 974 1258 eiusque
998 1172 1080 1238 ‘ora-

61 1261 158 1330 culis'
185 1263 260 1328 dixi.
307 1265 339 1327 et
357 1263 455 1348 plane
479 1262 616 1328 eandem
641 1263 784 1328 indolem
803 1284 881 1346 prae
905 1284 939 1326 se
962 1261 1081 1346 femmt,

62 1375 149 1437 quae
174 1374 214 1418 ex
236 1350 298 1418 hoo
322 1351 463 1416 carmine
486 1352 525 1416 de
549 1351 695 1417 moribus
718 1350 921 1434 adferuntur,
944 1349 1007 1414 hoo
1031 1352 1081 1414 est

62 1442 116 1528 (ut
144 1440 351 1507 Fleckeiseni
376 1440 412 1504 in
442 1439 643 1506 Catonianae
670 1441 778 1524 poesis
805 1439 952 1524 reliquiis
981 1463 1013 1524 p.
1039 1439 1080 1504 14

60 1531 164 1597 uerba
186 1529 305 1595 faciam
328 1531 414 1614 mea)
438 1529 588 1594 ‘mixtum
612 1530 773 1614 quoddam
803 1551 905 1616 genus
928 1550 1080 1594 uersuum

61 1626 95 1685 et
113 1617 279 1705 pedestris
299 1617 477 1684 orationis’.
524 1640 722 1704 quamquam
741 1619 839 1705 longe
858 1619 945 1686 ultra
968 1616 1080 1681 Fleck-

61 1710 212 1774 eisenum
243 1728 435 1794 progressus
467 1705 653 1792 fragmenta
684 1711 815 1792 praeter
841 1729 942 1772 unum
972 1705 1081 1771 omnia

62 1797 197 1882 poetioa
215 1795 321 1862 forma
340 1816 449 1861 carere
468 1800 562 1881 puto:
586 1799 655 1860 tam
673 1799 784 1880 aperte
802 1797 958 1881 pleraque
976 1793 1081 1879 petita

62 1889 143 1951 sunt
172 1907 211 1950 ex
240 1883 443 1968 praefatione
467 1883 620 1968 quadam,
653 1885 687 1948 in
709 1906 774 1969 qua
795 1884 952 1950 historice
975 1883 1080 1968 magis

64 1973 290 2040 disserebatur
314 1973 352 2038 de
380 1972 513 2058 pristini
536 1974 694 2057 temporis
718 1971 878 2038 laudibus.
923 1994 988 2037 una
1010 1975 1081 2037 tan-

62 2067 137 2128 tum
173 2061 334 2128 sententia
366 2083 444 2128 uera
472 2062 564 2128 adest
591 2062 626 2126 in
653 2063 718 2146 eis,
751 2083 833 2145 quae
860 2060 978 2125 ultimo
1008 2060 1080 2125 looo

64 2151 194 2236 profert
213 2147 350 2235 Gellium
375 2155 408 2216 et
425 2150 478 2216 hie
502 2172 580 2216 sane
600 2172 692 2215 aures
716 2149 813 2216 facile
836 2170 988 2214 numeros
1012 2170 1081 2212 sen-

65 2242 166 2306 tiunt.
207 2260 404 2325 quamquam
423 2239 463 2304 ad
482 2239 544 2304 hos
563 2239 799 2324 recuperandos
819 2237 1013 2303 eredendum
1032 2240 1082 2300 est

66 2329 175 2394 Gellio
208 2350 243 2394 se
275 2349 314 2392 ex
345 2328 503 2394 memoria
535 2327 662 2393 adferre
692 2326 856 2393 adserenti
884 2329 917 2391 et
944 2325 1080 2391 liberius

65 2417 239 2505 agendum.
294 2438 368 2482 oum
400 2420 509 2482 autem
548 2417 680 2481 auribus
713 2417 871 2502 genuinos
904 2436 1082 2500 aucuparer

64 2528 233 2589 numeros,
265 2506 373 2572 neseio
407 2527 471 2590 quo
502 2505 598 2571 modo
632 2509 826 2589 anapaestos
860 2505 968 2570 audire
999 2502 1080 2569 mihi

65 2595 204 2662 uidebar
225 2595 335 2660 hosce:

229 2685 299 2749 uita
321 2684 500 2748 humandst
521 2704 623 2768 prope
646 2679 698 2747 uti
718 2681 854 2768 ferrdm3

229 2773 315 2857 quod
339 2773 366 2838 si
390 2773 528 2856 exerces,
551 2775 612 2836 usu
634 2771 767 2857 teritur,

229 2860 258 2926 si
280 2861 360 2946 non,
382 2866 497 2928 tamen
519 2862 610 2926 exest
633 2859 765 2946 rubigo3

228 2950 308 3016 item
330 2950 430 3016 homd
454 2972 488 3016 se
511 2948 687 3015 exercendo
711 2949 842 3031 teritur,

230 3039 258 3103 si
281 3040 362 3124 non,
385 3043 420 3104 at
442 3039 577 3124 indrtia,
599 3037 735 3122 torpedo

228 3129 303 3212 plus
327 3127 446 3193 deterit
468 3125 502 3193 ei
523 3149 621 3212 quam
644 3126 806 3192 exercitio.

68 3215 241 3282 miraberis
270 3219 367 3303 atque
395 3216 541 3302 stupebis
565 3214 725 3281 Catonem
754 3215 848 3280 illum
871 3212 1013 3298 priscum
1037 3212 1084 3276 lu-

68 3307 200 3371 dentem
234 3308 436 3390 anapaestos.
491 3306 596 3372 multa
627 3303 752 3370 soilioet
782 3303 817 3368 in
849 3305 942 3368 tanta
974 3322 1084 3366 rerum

68 3394 166 3461 nobis
196 3394 407 3460 obscurarum
435 3395 527 3479 eopia
551 3391 702 3459 aeeidunt
725 3391 901 3476 mirabilia3
929 3389 984 3456 sed
1006 3411 1084 3475 pau·

69 3484 174 3550 lulum
203 3486 290 3548 certe
318 3483 430 3548 mirari
459 3481 602 3567 desines,
635 3481 663 3545 si
690 3479 809 3564 legeris
839 3477 924 3561 apud
951 3475 1084 3540 Festum
