2470 3898
457 128 674 186 PRAEFATIO.
1027 128 1070 195 23

45 293 130 376 illis,
165 293 221 377 qui
243 296 314 358 tam
338 290 453 356 studiis
478 313 576 376 quam
598 291 771 357 itineribus
794 291 890 358 factis
914 292 1071 376 ampliore

44 383 188 466 paulum
207 381 345 446 scientia
362 379 515 446 instructi
534 383 747 466 suggererent
765 382 866 445 talem
889 381 1069 446 materiam.

44 509 87 518 -
115 474 154 536 et
176 471 262 536 hanc
291 470 527 536 sententiarum
555 474 867 555 praeceptorumque
895 471 1070 536 moralium

42 561 79 624 in
123 560 249 626 scholis
282 581 377 624 nsum
408 561 479 623 turn
512 559 670 642 temporis
707 559 894 624 adamatum
927 558 1070 624 ostendit

42 651 152 714 etiam
179 648 329 713 narratio
356 646 443 732 apud
472 644 614 712 Gellium
641 646 690 711 IV
712 647 734 712 5
763 648 869 714 obuia.
915 647 1069 733 quidquid

42 737 139 801 enim
162 737 202 802 de
226 735 398 802 annalibus
422 735 590 820 maximis,
621 757 659 800 ex
683 735 801 821 quibus
824 736 927 820 petita
951 736 1070 801 dicitur

41 850 63 890 a
89 825 212 908 Gellio,
236 824 421 909 statuimus,
444 829 514 890 tam
536 847 587 890 res
610 847 708 909 quam
731 825 875 890 narratio
898 825 970 910 ipsa
992 826 1070 891 ficta

42 936 122 980 esse
145 915 239 979 nullo
268 912 365 980 modo
388 916 506 998 potest.
552 916 639 978 recte
663 913 792 999 quidem
815 913 977 980 Beckerus
1001 919 1070 995 (an-

41 1003 108 1089 tiq.
129 1003 223 1069 Rom.
242 1002 259 1066 I
277 1025 309 1087 p.
331 999 386 1089 10)
410 1006 487 1067 ante
513 1002 634 1068 bellum
653 1001 811 1068 Punicum
833 1003 976 1086 primum
999 1025 1069 1069 rem

42 1092 162 1158 locum
179 1092 335 1156 habuisse
353 1091 512 1177 conlegit3
534 1090 591 1155 sed
608 1094 756 1176 tempore
774 1091 833 1157 illo
853 1093 908 1176 qui
926 1092 1070 1177 potuerit

44 1204 64 1245 a
98 1181 213 1266 pueris
248 1180 395 1244 senarius
433 1181 559 1246 cantari
594 1201 663 1245 non
696 1180 872 1263 explioauit
898 1180 1078 1247 HPeterus·

41 1266 154 1356 (Hist.
172 1269 269 1335 Rom.
292 1269 362 1333 rell.
380 1268 397 1332 I
414 1291 447 1352 p.
468 1267 575 1356 XIV)3
608 1269 711 1334 multo
739 1268 846 1332 minus
875 1267 1068 1354 OSeeclrius‚

43 1360 103 1444 qui
120 1380 211 1423 more
225 1357 322 1422 hodie
338 1358 488 1424 adamato
495 1355 529 1445 ²⁸⁸)
544 1360 654 1423 fictam
670 1377 740 1422 esse
754 1378 824 1421 rem
838 1357 1066 1442 inexplicatum

41 1447 208 1512 clamauit
228 1445 319 1530 (libri
339 1445 401 1510 ‘die
414 1445 658 1512 Kalendartafel
677 1446 735 1511 der
748 1444 935 1511 Pontifices'
954 1469 985 1530 p.
1000 1449 1067 1530 84).

40 1540 139 1602 recte
170 1534 332 1600 intellexit
360 1533 484 1600 Gellius
512 1557 643 1600 uersum
671 1536 790 1600 molum
812 1537 976 1602 annalium
999 1559 1069 1604 con·

40 1626 163 1691 sultori
174 1626 346 1707 pessimum
364 1629 409 1690 est
430 1645 470 1688 ex
483 1623 620 1690 Hesiodi
638 1624 747 1690 uerbis
766 1624 853 1689 notis
873 1646 944 1690 esse
963 1630 1068 1692 traus-

41 1715 155 1780 latum
188 1712 237 1796 (et
269 1709 345 1778 hino
372 1734 412 1776 ex
439 1712 552 1778 fabula
580 1713 719 1797 quadam
748 1717 864 1797 postea
890 1713 984 1778 illurn
1014 1715 1068 1780 ad-

45 1806 222 1887 sumptum
248 1823 319 1866 essa
346 1801 552 1886 inprobabile
580 1803 712 1867 omnino
741 1799 815 1886 est).
864 1803 986 1868 nullius
1017 1809 1067 1868 est

43 1892 220 1975 momenti,
243 1890 329 1975 quod
352 1890 437 1956 idern
460 1894 620 1956 tumere
641 1890 749 1957 factus
773 1889 890 1955 dicitur
909 1913 928 1956 a
947 1890 1067 1976 Gelli05

45 1981 134 2046 talia
158 1979 301 2045 adiciunt
319 1979 415 2044 facile
435 1980 490 2065 qui
508 1983 653 2044 narrant.
700 1978 756 2043 sed
780 1983 952 2044 cantauere
974 1982 1068 2066 pueri

44 2091 183 2136 uersum
210 2068 365 2133 nimirum
393 2069 427 2132 in
456 2067 569 2134 schola
597 2068 782 2153 cognitum3
810 2070 844 2131 et
871 2068 962 2133 uides
991 2071 1020 2134 ei
1048 2093 1068 2135 a

45 2161 227 2243 praecepto
264 2157 382 2222 morali
419 2156 590 2222 conuenire
627 2178 700 2222 cum
733 2154 834 2240 Appii
871 2153 999 2222 Claudii
1035 2162 1067 2222 et

45 2245 170 2312 Marcii
192 2246 372 2311 sententiis.
417 2245 492 2311 hinc
512 2245 658 2311 saturnio
681 2249 786 2310 metro
811 2267 885 2309 eum
909 2246 1067 2330 composi-

44 2340 131 2420 tum,
156 2334 212 2400 sed
234 2338 350 2420 postea
369 2335 410 2398 ab
429 2334 475 2399 eis
500 2334 556 2419 qui
579 2356 650 2399 rem
671 2353 896 2420 propagauere
919 2335 954 2398 in
977 2356 1067 2402 sena-

45 2425 91 2489 rii
119 2423 260 2510 speciem
288 2421 558 2489 transformatum
587 2445 658 2488 esse
684 2422 780 2489 facile
809 2423 983 2508 suspiceris
1012 2423 1064 2508 (ut

45 2514 112 2580 hoc
136 2512 284 2596 adiciam,
307 2513 402 2578 fictus
426 2512 454 2576 si
473 2516 559 2578 esset
581 2533 705 2596 uersus,
728 2533 793 2577 non
812 2512 974 2596 potuisset
997 2536 1065 2579 non

46 2601 179 2668 adsumi
193 2604 333 2666 metrum
348 2598 567 2688 dactylicum).
611 2601 766 2667 nimirum
779 2601 832 2666 hic
847 2601 964 2667 accidit
979 2601 1066 2686 quod

46 2695 117 2756 tam
143 2711 239 2775 saepe
262 2691 297 2754 in
319 2690 416 2755 rebus
440 2690 479 2755 ad
503 2689 675 2755 historiam
698 2689 880 2756 Romanam
903 2689 1066 2774 pertinen-

46 2779 139 2845 tibus
173 2779 347 2845 obseruare
379 2780 469 2844 licet:
501 2801 560 2862 pro
591 2801 648 2844 suo
677 2782 775 2866 captu
803 2801 871 2843 non
897 2778 1065 2845 intellecta

120 3005 146 3074 ⁸)
165 3003 233 3059 dum
246 3005 316 3062 haec
336 3004 437 3075 scribo,
455 3003 485 3059 in
504 3022 603 3060 manus
622 3003 702 3060 uenit
719 3004 884 3059 Buecheleri
902 3006 1065 3060 dissertatio

47 3081 132 3148 (mus.
158 3076 246 3132 Rhen.
266 3081 300 3130 41
320 3094 347 3146 p.
366 3079 410 3146 2),
437 3077 485 3146 qui
513 3075 680 3133 consultoris
700 3077 744 3144 (=
764 3075 812 3144 qni
835 3075 983 3130 consilium
1003 3077 1064 3147 det)

47 3147 220 3204 uocabulum
237 3148 411 3204 neotericam
425 3163 485 3204 esse
504 3150 672 3204 adseuersns
683 3146 794 3202 Sesokii
811 3145 842 3200 in
859 3149 955 3216 partes
973 3150 1064 3202 truns-

48 3220 91 3276 iit.
129 3221 161 3274 at
183 3234 239 3287 quo
258 3219 397 3274 uocabulo
411 3218 468 3275 iam
483 3219 632 3276 Sallustius
646 3217 801 3288 priscarum
816 3217 972 3272 dictionum
987 3235 1064 3274 ama·

48 3293 94 3346 tor
112 3307 179 3344 usus
199 3292 252 3356 est,
277 3290 308 3345 id
331 3289 472 3346 nouicium
491 3309 550 3348 esse
569 3307 625 3360 quo
643 3289 759 3344 tandem
777 3290 861 3357 pacto
881 3288 1000 3343 euicturi
1020 3307 1065 3344 su·

49 3365 130 3416 musi
158 3361 203 3416 est
223 3359 357 3416 nimirum
379 3362 449 3416 haec
474 3379 587 3432 quoque
610 3359 787 3430 inprobanda
806 3360 891 3428 plane
910 3362 939 3414 et
957 3360 1065 3416 reicula

49 3431 201 3502 sepientis,
230 3447 286 3501 quo
313 3431 396 3488 obliti
422 3434 534 3488 tristem
561 3433 674 3487 nostrae
705 3428 841 3485 scientiae
869 3428 1064 3485 condicionem

49 3519 140 3574 pauca
157 3517 231 3572 quse
248 3502 423 3573 possidemus
442 3505 523 3559 nobis
541 3501 649 3571 eripere
670 3502 790 3556 student.
