2494 3888
610 113 812 170 LICENTIUS.

248 277 497 361 Xampaeosque
518 276 610 342 lacus
634 275 763 360 fugiens
785 275 977 360 Hypaneius
1002 276 1106 340 amnis

250 363 447 449 Callipidum
466 361 636 448 Scythicas
655 368 785 430 resonet
804 387 976 448 spumosus
996 364 1037 429 ad
1055 364 1167 449 undas;

247 453 367 519 ibimus
392 458 424 518 et
446 451 585 536 Leucus,
608 474 673 538 qua
695 451 814 518 Leucis
837 452 918 517 solis
941 453 977 517 in
1001 455 1093 518 ortus

247 541 401 624 tenditur,
424 544 458 608 et
481 540 568 606 uasti
591 541 720 605 deserta
743 541 912 606 cacumina
935 539 1043 625 Cassi,
1178 555 1204 605 st

249 631 321 716 quis
344 629 597 713 Epidaphnaess
621 632 740 714 aequat
763 629 826 693 sibi
849 627 961 694 Cassia
984 650 1095 713 rupes,

250 718 333 783 unde
358 719 576 802 quiescentem
600 739 750 782 auroram
774 738 951 802 currusque
974 718 1102 782 solutos

251 808 456 889 sopitamque
480 805 565 870 diem
588 806 693 870 media
717 807 788 870 sub'
801 809 897 870 nocte
919 805 1079 888 uiderem,

250 898 283 959 te
298 895 454 959 suadente
468 897 591 977 petam3
605 915 664 958 nec
679 893 766 958 enim
780 894 875 958 labor
890 897 947 958 aut
961 898 1070 958 metus
1084 895 1166 960 ullus

250 986 365 1064 terret,
384 983 440 1046 ubi
458 981 621 1046 insontem
640 982 790 1066 precibus
809 983 887 1046 deus
907 982 997 1046 audit
1016 983 1148 1067 apertis.
1181 998 1209 1047 uu

256 1074 289 1135 et
310 1093 397 1136 nunc
419 1069 628 1134 Romulidum
652 1071 744 1134 sedes
768 1073 801 1135 et
823 1069 937 1136 inania
958 1092 1070 1136 rerum

254 1159 396 1224 culmina
418 1158 658 1242 bacchatasque
681 1158 795 1223 domos
819 1181 985 1242 uanosque
1009 1160 1167 1224 tumultus

254 1248 434 1312 desererem
458 1250 491 1310 et
514 1249 604 1311 totus
628 1245 727 1311 semel
750 1247 785 1310 in
806 1251 865 1311 tua
887 1247 986 1312 corda
1009 1249 1166 1331 uenirem,

251 1335 286 1400 ni
309 1343 401 1400 mens
425 1335 574 1419 coniugio
598 1335 787 1400 incumbens
810 1335 965 1400 retineret
988 1339 1129 1402 euntem.

252 1425 345 1490 crede
368 1423 461 1506 meis,
486 1445 505 1488 o
529 1424 636 1506 docte,
659 1423 755 1488 malis
779 1445 920 1509 ueroque
943 1423 1064 1508 dolori,
1185 1439 1215 1488 rs

254 1512 340 1597 quod
364 1513 434 1576 sine
457 1516 490 1576 te
512 1511 620 1576 nullos
643 1513 841 1596 promittunt
863 1513 999 1578 carbasa
1022 1516 1138 1596 portus

252 1622 462 1684 erramusque
484 1600 599 1684 procul
622 1600 756 1664 turbata
778 1623 836 1684 per
859 1622 1001 1685 aequora
1024 1600 1128 1686 uitae,

252 1689 447 1773 praecipites
470 1689 570 1753 densa
592 1688 696 1752 ueluti
718 1689 860 1774 caligine
882 1693 1016 1772 nautae,

256 1799 337 1862 quos
360 1777 453 1841 furor
476 1776 645 1854 australis,
668 1776 809 1841 stridens
833 1780 866 1842 et
887 1777 986 1841 datus
1011 1778 1053 1842 ab
1078 1799 1156 1850 euro

278 1866 392 1930 erculit
416 1868 450 1928 et
472 1865 577 1948 raptis
600 1865 745 1949 priuauit
766 1865 863 1930 turbo
886 1865 1054 1950 magistris
1189 1881 1220 1930 80

253 1889 418 2041 {protinus
443 1953 591 2037 abruptis
615 1953 726 2018 miseri
749 1954 925 2018 uoluuntur
947 1955 983 2017 in
1005 1954 1117 2020 undis:

251 2064 319 2106 non
336 2041 426 2106 forus
446 2046 503 2105 aut
520 2062 650 2125 prorae,
673 2063 739 2106 non
756 2042 860 2108 lintea
880 2041 995 2106 deinde
1014 2043 1177 2125 procellas

252 2129 337 2196 ferre
359 2131 472 2194 ualent
494 2128 642 2212 ratioque
665 2129 751 2194 iacet
774 2130 955 2214 stupefacta
977 2131 1145 2216 regendi):

254 2219 300 2284 sic
324 2241 375 2284 me
398 2221 513 2283 uentus
538 2217 608 2303 agit
631 2218 831 2302 uoluuntque
855 2218 1015 2304 cupidinis
1039 2224 1152 2284 aestus

252 2307 287 2371 in
310 2329 399 2372 mare
422 2306 587 2371 letiferum
610 2327 669 2370 nec
693 2310 800 2372 terrae
823 2307 972 2390 protinus
996 2306 1127 2373 adsunt.
1193 2325 1229 2373 85*

252 2396 308 2461 sed
329 2417 454 2460 mecum
472 2399 625 2478 reputans
648 2398 707 2459 tua
726 2395 860 2461 candida
884 2396 993 2476 uerbs,
1013 2396 1185 2483 magister,

252 2484 334 2548 haec
352 2483 458 2570 magis
478 2504 548 2547 esse
567 2505 641 2548 reor
659 2483 723 2548 tibi
741 2483 877 2548 credere.
906 2483 1024 2548 callida
1042 2505 1097 2550 res
1116 2491 1184 2552 est:

254 2571 374 2655 decipit
397 2575 495 2655 atque
519 2571 636 2636 animis
661 2571 796 2636 molitur
818 2572 902 2637 retia
924 2573 1057 2636 nostris.

255 2659 450 2743 praeteritos
474 2659 594 2724 oblitus
614 2660 702 2725 eninr
725 2661 912 2743 praesentia
935 2682 1062 2744 prenso.

252 2770 336 2813 nunc
360 2747 430 2830 tibi,
455 2769 537 2831 care,
560 2749 618 2812 tuo
641 2770 702 2813 nos
725 2770 785 2813 nos
809 2749 847 2813 de
870 2753 1001 2833 pectore
1024 2749 1136 2832 lapsi?
1193 2768 1225 2816 90

206 2976 333 3101 trau
353 2973 842 3113 {S?*3⁸ddxid‘¹t⁸0tddt3'dt⁰⁶
863 2973 977 3100 ptus
993 2973 1229 3117 'dd'ffld

206 3117 310 3186 pedum
329 3064 387 3168 spx
402 3062 534 3182 {qiesonet
551 3063 620 3170 nd:
646 3061 759 3171 resdnat
776 3063 884 3185 maipa
898 3121 932 3171 66
952 3115 1119 3185 epidafneas
1138 3123 1165 3172 B
1185 3118 1229 3188 epi

206 3187 294 3242 dafua
316 3203 364 3242 eos
388 3193 412 3238 K
436 3188 445 3256 ΙΙ
469 3193 501 3240 71
526 3203 619 3240 rerum
640 3188 754 3256 scripsi:
783 3187 853 3240 remi
875 3192 900 3239 K
922 3185 977 3240 reti
999 3191 1023 3239 B
1046 3190 1119 3243 tecti
1144 3191 1229 3250 sudu

205 3259 320 3324 pessime
333 3261 343 3325 ΙΙ
358 3262 391 3310 73
410 3257 560 3310 disererem
579 3259 673 3327 31176
692 3259 807 3324 fortusse
829 3258 1034 3326 prospectantt
1048 3263 1083 3312 80
1103 3259 1145 3314 Pe
1210 3261 1229 3314 tt

210 3331 234 3376 B
250 3328 254 3388 1
270 3326 399 3380 turbauit
415 3330 510 3394 Bss83
529 3327 604 3380 iacet
622 3344 672 3382 om.
690 3330 784 3398 31185
808 3329 912 3382 adsunt
934 3327 1158 3396 Werrudortius:
1182 3335 1222 3387 ab

208 3394 272 3471 sunt
290 3395 367 3472 codd.
381 3397 391 3462 ss
405 3401 438 3448 87
452 3395 522 3449 haec
540 3397 666 3466 iutellepo
685 3399 717 3452 dc
734 3399 831 3452 mestis
848 3400 1030 3467 fluctuatione
1042 3399 1052 3468 ΙΙ
1066 3405 1104 3456 89
1125 3419 1220 3473 prenso

210 3473 321 3526 seraper:
344 3465 457 3529 praesto
476 3466 550 3520 codd.
565 3467 623 3535 1190
642 3484 706 3522 care
725 3469 821 3538 culpo:
846 3485 911 3523 cara
931 3469 1008 3525 codd.
1025 3472 1030 3539 Ι
1045 3487 1101 3526 nos
1121 3491 1175 3530 nos
1193 3474 1227 3538 de¹

1212 3702 1221 3850 Ι
