2498 3880
165 129 228 194 188
586 127 615 186 Ο.
634 126 757 183 LUCILI
794 141 799 150 ’

93 300 151 357 333
210 342 227 351 -
245 322 291 350 uu
314 313 395 356 unus
419 291 515 356 modo
540 289 579 354 de
602 290 714 355 multis
739 289 794 375 qui
817 289 951 376 ingenio
976 289 1030 354 sit.

93 442 149 500 331
188 433 262 523 ,oui
284 433 421 517 parilem
444 433 576 498 foriuna
597 433 706 498 locum
729 432 897 516 fatumque
920 432 999 498 tulit
1022 431 1110 498 fors,

94 585 150 642 333
210 576 338 642 acribus
363 575 398 640 in
418 573 541 640 Persen
564 596 637 640 oum
660 575 759 640 armis
783 573 967 660 confligere·
982 573 1103 640 cernit.

94 727 151 783 333
211 723 269 784 aui
291 717 374 782 forte
399 716 530 782 omnino
554 737 591 780 33
613 715 747 782 fortuna
769 717 899 782 uincere
922 715 1024 800 bello;

211 807 239 872 si
261 807 347 872 forte
372 826 409 870 33
432 808 554 870 iemere
577 805 723 890 omnino,
747 804 823 957 {uid
845 826 976 958 rursum
999 805 1039 869 ud

777 915 911 959 onorem

574 1106 680 1153 moure
702 1106 773 1153 xlv.

96 1220 154 1278 334
213 1213 369 1278 dilectum
391 1212 485 1277 uideo
508 1211 651 1277 studiose
674 1212 793 1297 uolgus
815 1211 946 1276 habere.

97 1363 153 1419 335
212 1383 687 1414 -υυ-υυ-υυ-νυ-υυ
710 1353 798 1418 notis

213 1465 247 1508 se
269 1443 381 1527 paucis
406 1442 504 1506 molle
528 1462 565 1506 ac
589 1441 790 1525 sapieniibus
814 1461 884 1505 esse
906 1441 1084 1525 probatum

212 1532 232 1615 ἣ
256 1539 357 1596 πᾶσιν
379 1531 534 1596 νεκύεσσι
556 1527 857 1614 καταφθιμένοισιν
880 1527 1053 1596 ἀνάσσειν.

97 1681 154 1738 333
216 1673 294 1758 quin
317 1673 426 1759 potius
449 1672 553 1737 uitam
577 1672 677 1758 degas
701 1672 831 1737 sedatus
855 1671 1014 1756 quieiem:

214 1783 310 1847 quum
334 1766 371 1826 iu
395 1761 574 1846 antiquius,
597 1783 694 1845 quam
717 1760 921 1913 faiiileerisie'
944 1761 1062 1826 fecisse

98 2000 153 2057 331
214 1992 267 2058 ‘ad
281 2013 391 2078 regem
406 1992 535 2077 legatus
546 1990 707 2076 Rhodum,
720 1990 924 2056 Ecbatanam
935 2013 973 2057 ac
982 1989 1199 2076 Babylonem

213 2082 282 2167 ibo,
306 2102 473 2166 cercyrum
497 2079 644 2144 sumam?

241 2299 294 2347 333
321 2291 395 2346 Nou.
425 2296 490 2359 319,
513 2296 535 2345 3
559 2291 659 2414 (ἔννοιαί
684 2295 710 2347 ei
736 2291 832 2360 multi)
857 2332 890 2346 ..
914 2290 990 2345 idem
1015 2288 1066 2345 lib.
1091 2291 1161 2346 XIII
1187 2293 1199 2366 i
1241 2296 1248 2321 ⁴

169 2371 221 2419 881
240 2363 314 2418 Nou.
334 2367 396 2430 433,
416 2369 430 2417 1
450 2363 507 2417 fors
526 2363 556 2416 ei
586 2364 687 2417 criuna
706 2403 735 2417 ..
755 2362 786 2416 L.
806 2364 858 2417 sui.
877 2361 926 2416 lib.
940 2361 1007 2415 XIII
1020 2363 1029 2432 (1
1044 2368 1098 2416 333
1112 2363 1197 2420 Non.

169 2440 231 2502 331,
251 2438 266 2488 3
285 2448 397 2488 cernere
415 2450 525 2486 rursum
545 2431 716 2502 ‘disponere’
733 2473 739 2487 .
755 2475 761 2488 .
777 2431 852 2488 idem
871 2431 920 2488 lib.
934 2431 1000 2486 XIII
1016 2435 1021 2503 Ι
1037 2431 1067 2486 in
1080 2432 1196 2490 Persen

168 2505 280 2574 33313313
299 2504 374 2559 inter
392 2519 422 2558 se
441 2503 517 2558 codd.
537 2504 597 2572 (hoc
614 2507 716 2560 rotomo
739 2505 857 2559 oemunt
874 2503 1060 2560 Frouckcnue
1082 2504 1197 2561 crerint

169 2576 292 2644 Lucum.)
325 2575 334 2644 ΙΙ
367 2579 419 2628 333
441 2573 515 2628 Nou.
535 2579 601 2642 433,
627 2580 641 2628 1
665 2580 731 2644 post
752 2575 789 2642 fr.
809 2580 860 2629 331
880 2574 956 2630 idem
973 2575 1004 2628 in
1023 2575 1149 2642 eodem!
1176 2582 1195 2630 3

170 2663 279 2702 rursum
296 2644 423 2700 Lacum:
443 2661 555 2699 cursum
573 2646 649 2701 codd.
671 2649 676 2711 Ι
699 2661 813 2700 onorem
830 2651 851 2698 1.
872 2647 882 2715 (Ι
905 2649 958 2700 334
976 2645 1051 2701 Nou.
1072 2652 1135 2716 330,
1157 2653 1195 2702 17

169 2717 271 2788 uulgus
289 2717 388 2770 neutro
408 2758 414 2770 .
431 2756 438 2771 .
458 2717 490 2770 L.
509 2717 560 2771 333.
579 2716 628 2771 lib.
646 2715 713 2771 XIV
733 2718 737 2787 Ι
760 2716 901 2771 deiecium
921 2717 1049 2772 FDouso
1066 2718 1195 2788 {uulgus

169 2790 267 2856 333133(
284 2787 367 2843 abere
385 2794 405 2840 1.
423 2792 488 2842 331
512 2789 521 2857 (1
545 2793 596 2841 333
615 2786 690 2842 Nou.
711 2792 777 2855 313,
796 2794 812 2842 3
833 2787 927 2857 (puuoi
945 2788 975 2842 et
991 2788 1087 2856 multi)
1107 2830 1114 2843 .
1131 2831 1137 2843 .
1157 2789 1194 2845 L.

171 2860 223 2914 sai.
242 2858 292 2913 lib.
308 2856 375 2911 XIV
391 2859 396 2927 1
411 2874 467 2912 non
484 2858 582 2927 paucis
601 2858 685 2924 malle
704 2859 802 2928 (melle.
818 2865 844 2912 11
861 2863 927 2914 m.1
947 2859 1021 2913 mole
1039 2875 1075 2914 m.
1090 2864 1108 2913 3
1128 2875 1194 2914 cum

170 2931 202 3000 3)
225 2945 258 2984 uo
282 2929 306 2984 si
328 2927 501 2998 sapientibus
524 2932 560 2999 (11
577 2947 612 2985 m.
629 2935 657 2998 1,
683 2935 756 2986 Iam.
772 2935 801 2984 2:
825 2945 859 2984 33
882 2929 1025 2999 3133333
1046 2946 1081 2984 uc
1103 2929 1192 3000 sssip.

169 3007 190 3055 1.
207 3018 242 3056 ια.
259 3008 273 3055 1
293 3017 326 3056 ec
350 2999 375 3053 si
397 3016 415 3054 3
433 3015 492 3070 sap.
511 3004 537 3052 11
554 3017 589 3055 m.
604 3004 632 3070 3)
655 3002 745 3067 oodric
769 3002 844 3055 notis
863 3016 918 3070 pro
941 3016 998 3054 non
1021 3003 1098 3070 (nam
1118 3001 1193 3057 Leo-

166 3073 277 3144 νανᾱαο
294 3087 369 3125 nunc
383 3070 535 3139 Μινοιναο)
554 3073 662 3142 33331331,
682 3071 706 3126 si
725 3074 770 3142 (==
785 3073 825 3142 se)
844 3073 954 3137 traieci3
974 3086 1007 3126 33
1026 3086 1087 3142 sap.
1103 3074 1191 3141 33193

172 3146 234 3213 (333
258 3160 316 3212 sap.
342 3141 459 3211 Lipsius
482 3159 499 3198 3
526 3157 585 3212 sep.
609 3144 686 3212 αἰνῆς
711 3147 853 3211 praeterea
879 3141 978 3196 malim
1005 3140 1190 3199 Franccuoue

170 3215 305 3283 probatus
324 3214 423 3268 Douso
446 3213 451 3283 Ι
476 3219 643 3282 Menoeceo
670 3229 916 3284 coronariorum,
936 3214 976 3268 cic
998 3213 1054 3280 fere
1078 3215 1156 3270 codd.
1178 3213 1189 3284 ΙΙ

171 3290 224 3338 333
243 3283 318 3339 Non.
338 3288 403 3352 433,
427 3290 461 3338 33
489 3284 631 3352 antiquior
658 3284 757 3339 melior
782 3325 810 3338 ..
834 3285 865 3340 L.
889 3283 939 3337 lib.
963 3283 1032 3339 XIV
1054 3284 1060 3356 Ι
1085 3291 1099 3339 1
1128 3285 1189 3339 uiis

172 3353 259 3424 degui
281 3355 371 3421 codd.¹
396 3370 467 3410 corr.
490 3355 596 3409 Iunius
617 3357 621 3422 Ι
642 3360 657 3408 3
677 3371 761 3422 quum
779 3357 812 3410 13
829 3359 855 3406 11
873 3371 907 3410 m.
922 3360 953 3409 33
977 3357 1088 3423 quantu
1111 3355 1186 3412 codd.

172 3424 277 3492 quanio
296 3424 395 3480 Douea
410 3430 414 3488 ι
430 3423 552 3478 ridearis
571 3425 661 3492 codd„
681 3439 750 3481 corr.
769 3426 868 3482 Douoo
889 3425 1018 3492 (uiderist
1035 3426 1161 3496 Locum.)
1178 3427 1188 3496 (Ι

173 3493 404 3563 seruauere,
428 3499 462 3548 33
487 3509 614 3562 cercyrus
638 3535 666 3549 ..
691 3496 766 3550 idem
793 3496 841 3554 lib.
861 3497 925 3551 XIV
951 3502 999 3563 1-1
1024 3497 1185 3554 eruamur
