2484 3886
384 115 431 170 Vl.
451 116 685 172 EUHEMERUS.
982 117 1044 182 127

34 274 216 345 Saturnum.
253 280 333 342 item
356 276 547 363 Neptunum
574 278 657 346 clam
687 277 828 346 Saturno
854 279 922 364 Ops
949 281 1046 366 parit,

34 387 167 450 eumque
183 366 366 434 clanculum
380 367 560 432 abscondit.
585 368 625 434 ad
644 369 781 434 eundem
801 369 933 436 modum
947 371 1045 435 tertio

32 459 125 538 partu
163 455 232 541 Ops
268 457 356 541 parit
393 457 555 542 geminos,
591 457 764 524 Plutonem
805 462 838 523 et
880 457 1044 524 Glaucam.

32 541 150 609 Pluton
182 545 299 611 Latine
331 550 381 611 est
412 544 572 632 Dispiter3
604 546 661 611 alii
690 545 809 612 Orcum
841 546 961 612 dicunt.
998 548 1045 612 ibi

34 631 188 700 Glaucam
206 634 309 700 filiam
329 632 470 700 Saturno
490 637 674 717 ostendunt,
693 639 729 700 at
750 636 853 700 filium
871 635 1044 702 Plutonem

33 723 137 788 celant
160 728 258 808 atque
282 722 495 788 abscondunt.
541 724 654 789 deinde
679 721 802 790 Glauca
830 747 933 808 parua
960 747 1045 790 emo·

32 811 122 878 ritur.
162 813 258 896 haec,
285 816 323 876 ut
355 812 477 896 scripta
505 816 595 896 sunt,
621 813 710 878 louis
743 813 945 898 fratrumque
975 816 1044 879 eius

34 902 130 986 stirps
151 905 248 986 atque
268 901 430 985 cognatio.
462 901 497 966 in
514 902 601 968 hunc
619 901 752 967 modum
774 902 870 967 nobis
894 923 933 968 ex
952 925 1045 968 sacra

33 990 206 1074 scriptione
229 988 351 1055 tradita
374 993 433 1054 est

94 1133 238 1199 Lactant.
263 1133 283 1198 l.
308 1133 328 1198 l.
353 1132 426 1196 item
452 1131 551 1214 poulo
580 1137 651 1214 post
680 1132 754 1198 boec
785 1134 892 1215 refert:
929 1132 1042 1198 deinde
1059 1137 1116 1194 tre

33 1218 140 1306 Titan,
171 1224 347 1306 postquam
384 1220 530 1300 nesciuit,
568 1217 708 1286 Saturno
741 1221 827 1286 filios
857 1227 1043 1306 procreatos

33 1312 127 1394 atque
151 1311 304 1375 educatos
335 1331 405 1375 esse
429 1310 528 1393 clam,
557 1309 680 1375 seducit
708 1332 817 1374 secum
843 1310 930 1376 filios
959 1333 1044 1392 suos,

35 1399 85 1481 qui
103 1399 215 1464 Titani
233 1403 400 1481 uocantur,
418 1396 618 1484 fratremque
637 1421 732 1464 suum
752 1397 927 1464 Saturnum
947 1403 1044 1484 atque

33 1484 132 1570 Opem
150 1486 396 1572 comprehendit
421 1509 540 1572 eosque
563 1509 656 1552 muro
676 1488 867 1574 circumegit
884 1492 918 1553 et
939 1492 1044 1554 custo·

33 1574 116 1640 diam
139 1576 179 1641 iis
204 1576 349 1661 apponit.

95 1735 362 1800 55555515·
405 1758 497 1801 sacra
533 1757 611 1800 uero
652 1735 792 1802 historia
833 1735 932 1802 etiam
969 1741 1043 1803 ante
1058 1741 1113 1799 517

32 1823 214 1888 consedisse
247 1823 296 1888 illi
329 1825 472 1911 aquilam
503 1824 538 1890 in
570 1824 676 1910 capite
705 1828 802 1910 atque
829 1825 880 1890 illi
907 1847 1043 1912 regnum

30 1913 233 1994 portendisse
255 1915 403 1980 testatur.

95 2073 263 2140 Columella
291 2073 348 2138 IX
373 2079 413 2140 2:
450 2095 509 2140 nec
548 2095 625 2138 sane
661 2073 783 2139 rustico
822 2073 955 2159 dignum
994 2079 1044 2140 est
1058 2079 1114 2134 518

31 2162 201 2244 sciscitari,
223 2161 365 2226 fueritne
389 2162 505 2227 mulier
527 2162 747 2247 pulcherrima
771 2163 877 2249 specie
899 2161 1043 2248 Melissa,

31 2273 127 2336 quam
149 2249 298 2334 Iuppiter
325 2251 359 2316 in
382 2273 476 2336 apem
500 2251 673 2335 conuertit,
698 2273 752 2331 an,
780 2255 817 2315 55
839 2250 1043 2316 Euhemerus

30 2345 125 2422 poeta
148 2339 242 2423 dicit,
265 2340 476 2405 crabronibus
509 2343 542 2405 et
575 2340 643 2404 sole
676 2340 804 2428 genitas
837 2363 929 2423 apes,
963 2363 1043 2425 quas

29 2428 430 2581 pymphaelffhryxonides
451 2429 678 2512 educauerunt,
697 2452 772 2494 mox
788 2428 925 2494 Dictaeo
945 2451 1043 2532 specu

30 2541 116 2691 tt?
140 2519 1041 2693 {illl⁰1,¹3lllltllq{tullllllttlllfr

31 2697 85 2760 sed
107 2717 148 2761 ne
171 2695 254 2760 illud
278 2695 408 2780 quidam
432 2696 575 2781 pertinet
598 2696 639 2760 ad
663 2696 834 2780 agricolas,
858 2697 986 2780 quando
1011 2700 1045 2761 et

29 2785 63 2848 in
85 2806 151 2870 qua
168 2785 302 2870 regione
321 2784 463 2869 primum
480 2788 579 2850 natae
598 2785 673 2866 sint,
691 2789 801 2850 utrum
820 2786 855 2848 in
873 2785 1045 2850 Thessalia

31 2874 88 2938 sub
112 2873 264 2938 Aristaeo
288 2895 330 2938 au
351 2875 386 2938 in
408 2873 517 2938 insula
540 2871 614 2958 Oea,
637 2878 675 2938 ut
697 2875 811 2940 scribit
831 2872 1043 2939 Euhemerus.

93 3034 238 3099 mcor.
265 3033 290 3098 I
316 3037 371 3100 14:
413 3033 538 3117 reliqua
578 3033 717 3098 historia
758 3034 803 3099 sic
845 3033 1042 3099 contexitur:
1057 3035 1115 3096 519

31 3121 141 3187 Iouem
160 3122 317 3207 adultum,
339 3144 412 3187 cum
432 3121 619 3206 audiuisset,
641 3127 771 3207 patrem
790 3126 887 3206 atque
906 3124 1043 3187 matrem

33 3211 184 3277 custodiis
221 3210 474 3296 circumsaeptos
515 3214 612 3295 atque
648 3212 683 3276 in
718 3212 849 3276 uincula
880 3211 1043 3277 coniectos

33 3302 156 3366 uenisse
180 3323 254 3366 oum
276 3321 397 3386 magna
420 3297 623 3366 Cretensium
645 3300 854 3365 multitudine
877 3301 1044 3366 Titanum-

34 3412 91 3474 que
115 3412 152 3455 ac
175 3389 260 3454 filios
285 3389 353 3455 eius
376 3388 551 3474 pugnando
574 3389 704 3474 uicisse,
727 3394 880 3474 parentes
905 3389 1043 3454 uinculis

35 3479 201 3562 exemisse,
230 3478 318 3561 patri
340 3498 476 3563 regnum
501 3477 679 3542 reddidisse
712 3482 809 3562 atque
836 3479 884 3542 ita
911 3475 1043 3542 15055-
