2470 3898
448 82 469 136 l.
489 81 669 137 ANNALES.

140 292 157 300 -
201 275 221 302 υ
239 294 256 302 -
275 274 322 302 w
338 293 355 303 .
373 274 420 303 υυ
436 294 455 303 -
472 275 517 304 w
534 294 552 305 .
572 242 726 329 SatUfflO,

142 353 236 416 quem
261 331 376 397 Caelus
400 333 521 418 genuit.

139 505 292 535 υυυυυ
300 505 319 535 υ
336 526 353 534 -
378 475 443 540 late
469 473 622 541 Saturnia
645 475 752 542 tellus.
1077 467 1119 523 2⁰

118 615 247 682 Seruius
269 617 313 682 ad
329 617 407 682 Aea.
426 617 452 681 I
466 621 550 683 273:
574 615 719 682 Naeuius
739 620 772 682 et
790 616 915 683 Ennius
934 618 1063 684 Aeneae
1077 625 1113 682 22

48 725 92 767 cx
113 705 181 770 filia
203 708 356 789 nepotem
378 706 555 772 Romulum
583 707 783 772 conditorem
806 707 897 772 urbis
919 707 1063 774 tradunt.

48 829 94 838 —
116 795 196 859 idem
223 796 266 860 ad
290 795 368 860 Aea.
397 794 449 861 VI
468 799 527 860 77:
561 795 735 862 secundum
762 794 905 862 Ennium
934 795 1064 881 (Roma-

48 879 113 967 lus)
136 882 296 948 referetur
324 883 409 948 inter
442 883 519 950 deos
548 905 621 949 curn
649 883 768 950 Aenea.
815 884 892 949 dicit
924 906 1064 969 namque

45 969 144 1037 Iliam
167 971 270 1038 fuisse
293 971 394 1037 filiam
417 971 556 1038 Aeneae.

138 1119 175 1180 ut
194 1115 261 1180 cita
279 1136 352 1179 cum
375 1115 525 1179 tremulis
549 1135 628 1178 anus
653 1115 767 1179 attulit
790 1115 925 1180 artubus
944 1115 1064 1201 lumen,
1078 1122 1119 1178 28

137 1203 221 1269 talia
242 1207 314 1267 tum
336 1207 497 1268 memorat
519 1203 712 1287 lacrumans,
736 1203 890 1269 exterrita
914 1225 1042 1270 somno:

138 1291 306 1357 ‘Euridica
328 1295 500 1378 prognata,
523 1295 616 1376 pater
640 1314 738 1376 quam
761 1294 873 1357 noster
896 1293 1028 1377 amauit,

138 1381 224 1446 uires
248 1381 381 1465 uitaque
404 1401 520 1464 corpus
544 1402 652 1446 mcum
675 1402 760 1446 nunc
785 1380 906 1446 deserit
930 1402 1033 1446 omne.

138 1491 215 1534 nam
239 1491 291 1534 me
314 1468 404 1534 uisus
427 1469 525 1534 homo
548 1469 684 1555 pulcher
706 1491 764 1554 per
788 1492 924 1535 amoena
948 1470 1063 1536 salicta

138 1564 171 1624 et
195 1558 284 1643 ripas
309 1560 440 1642 raptare
463 1558 615 1642 locosque
638 1579 755 1642 nouos3
773 1559 827 1661 'ita
851 1559 920 1624 sola

136 1648 723 1820 illlistittlsttsllt
741 1647 900 1820 llll
924 1757 1019 1822 pose

137 1823 234 1891 corde
258 1845 437 1908 capessere:
462 1824 578 1904 semita
600 1824 693 1889 nulla
715 1824 804 1888 uiam
828 1824 1006 1890 stabilibat.

138 1914 223 1978 exim
247 1912 441 1997 compellare
463 1916 557 1996 pater
580 1935 632 1978 me
655 1934 735 1978 uoce
758 1912 887 1977 uidetur

136 2002 189 2067 his
212 2001 337 2066 uerbis:
361 1999 392 2065 ὀ
417 2005 532 2087 gnata,
553 2001 616 2066 tibi
639 2005 716 2066 sunt
739 2004 815 2066 ante
837 2000 993 2065 ferundae

138 2112 325 2174 aerumnae,
347 2094 423 2174 post
446 2112 485 2155 ex
507 2089 606 2155 fluuio
629 2090 763 2155 fortuna
785 2087 938 2154 resistet?

136 2180 217 2244 haec
241 2177 364 2244 ecfatus
387 2182 495 2264 pater,
519 2200 688 2265 germana,
711 2181 844 2262 repente
867 2176 1002 2242 recessit

136 2290 196 2334 nec
220 2289 290 2333 sese
313 2267 402 2332 dedit
425 2267 460 2332 in
482 2271 691 2352 conspectum
715 2266 810 2332 corde
834 2266 975 2352 cupitus,

49 2373 82 2422 15
137 2379 335 2443 quamquam
354 2356 461 2421 multa
479 2378 593 2421 manus
618 2354 659 2421 ad
682 2355 764 2422 caeli
777 2355 917 2434 ‚caerula
939 2357 1064 2441 templa

117 2609 153 2658 24
172 2602 247 2658 Noa.
269 2609 329 2673 197,
349 2608 364 2656 9
385 2602 493 2684 caelum
513 2633 548 2642 -
566 2601 723 2658 masculino
743 2633 776 2641 -
795 2601 901 2657 Ennius
921 2633 954 2644 -
973 2602 1063 2668 idem

48 2675 154 2731 Olearia
176 2679 208 2729 72
226 2673 264 2729 Κ.
283 2676 316 2730 ut
333 2674 439 2728 Ennius
459 2673 590 2742 (Saturno
609 2673 671 2742 om.)
693 2676 702 2743 ΙΙ
722 2678 758 2728 26
782 2673 872 2729 Varro
890 2673 917 2727 V
935 2679 969 2727 42
989 2673 1064 2727 hunc

49 2746 261 2818 (Capitolinam)
290 2749 373 2801 antea
400 2745 526 2799 montem
550 2743 714 2799 Saturnium
739 2745 914 2814 appellatum
932 2743 1062 2814 prodide-

48 2823 123 2886 runt,
147 2819 177 2873 et
200 2817 237 2872 ab
255 2831 289 2871 eo
307 2817 366 2871 late
385 2815 545 2871 Saturniam
566 2816 654 2886 (nam
673 2814 765 2885 Hor.)
783 2818 901 2882 terram,
925 2815 958 2870 ut
976 2815 1063 2870 etiam

48 2888 151 2944 Ennius
170 2905 189 2943 a
209 2886 300 2958 pellat
313 2890 322 2959 ΙΙ
335 2892 370 2940 22
386 2886 442 2943 Oic.
458 2889 490 2943 cle
503 2888 561 2942 dia.
581 2885 594 2939 Ι
613 2892 656 2953 20,
675 2893 711 2942 40
730 2888 827 2941 narrat
845 2886 920 2942 enim
940 2889 969 2942 ct
987 2888 1063 2956 apud

49 2959 169 3016 Ennium
184 2906 306 3030 laetalis
324 2959 376 3014 illa
400 2961 404 3028 Ι
427 2963 441 3011 1
460 2961 493 3013 ut
510 2957 567 3013 cita
585 2959 694 3027 scripsi:
717 2958 803 3013 etcita
820 2962 843 3010 v
860 2975 895 3013 m.
917 2963 931 3012 1
950 2960 998 3010 AB
1018 2974 1063 3038 erf-

49 3031 103 3086 cita
120 3035 144 3084 v
162 3047 197 3085 m.
217 3036 233 3084 2
252 3034 278 3083 E
296 3030 387 3085 accita
404 3030 535 3086 Klotziaa
559 3029 563 3100 Ι
588 3035 604 3083 2
624 3032 827 3085 commemorat
844 3030 928 3099 acoleo
951 3033 955 3097 Ι
981 3027 1063 3082 lacn-

48 3119 124 3158 mans
144 3102 221 3187 codd.
239 3103 276 3170 13
296 3101 527 3184 eurydicaneodd.
542 3105 653 3170 praeter
671 3104 751 3168 1414
769 3099 831 3155 uita
849 3116 942 3154 meum
961 3115 1062 3170 corpus

49 3174 918 3318 2112222222242Ι22ῑ22222
936 3172 1063 3310 {itt

52 3317 168 3373 Pinea:
185 3316 307 3386 cognata
320 3319 369 3369 AB
383 3315 499 3385 cognita
512 3318 565 3366 HV
581 3317 585 3383 Ι
602 3313 736 3368 ferundae
750 3313 903 3368 Danielus:
921 3311 1061 3384 gerendae

51 3389 124 3444 codd.
143 3404 183 3442 aa
200 3385 355 3442 terendae?
373 3389 376 3456 Ι
395 3391 436 3454 13,
457 3392 489 3440 12
505 3390 616 3456 ponunt
634 3387 721 3454 coda,
740 3389 876 3467 transpoa.
895 3383 1035 3438 Daaiciaa
1055 3381 1060 3451 Ι

52 3465 82 3514 14
100 3458 193 3516 efatus
212 3462 263 3511 AV
280 3475 315 3515 m.
337 3464 351 3512 1
371 3457 471 3512 effatus
490 3460 513 3508 v
531 3473 565 3511 m.
581 3461 596 3510 2
617 3457 710 3525 (pater
727 3453 827 3509 effatus
846 3470 878 3508 aa
895 3469 950 3508 rua.
970 3453 1001 3520 B)
1020 3451 1065 3502 fa·
