2484 3886
418 88 465 144 VI.
484 88 716 144 EUHEMERUS.
1014 88 1078 153 129

129 252 271 317 metatu
290 251 317 315 I
334 255 391 316 13:
414 272 611 336 quamquam
635 251 792 334 scriptum
816 251 917 316 sitin
939 252 1150 318 historiattt

65 362 170 424 sacra,
203 338 380 405 Saturnum
412 343 446 404 et
471 338 577 425 Opem
604 343 793 425 ceterosque
824 344 903 406 tunc
930 340 1078 406 homines

66 430 239 494 humanam
253 449 384 493 carnem
399 427 515 494 solitos
535 427 666 512 esitare;
685 425 802 495 uerum'
810 429 953 514 primurn
966 428 1079 495 Iouem

66 519 152 603 leges
185 516 372 582 hominibus
404 539 574 602 moresque
608 516 800 583 condentem
833 518 939 584 edicto
970 518 1079 604 prohi-

66 608 186 690 buisse,
208 628 248 670 ne
271 606 383 672 liceret
406 627 444 671 eo
469 605 542 671 oibo
565 605 662 671 uesci.

130 783 317 850 Ludunt]
334 786 396 848 22:
418 782 557 847 historia
580 804 659 848 uero
684 804 775 848 sacra
798 786 947 868 testatur,
971 785 1078 870 ipsum
1093 789 1150 846 525

64 871 190 950 Iouem,
222 874 397 957 postquam
428 891 535 936 rerum
562 871 688 956 potitus
722 872 778 956 sit,
810 872 845 935 in
874 875 1001 937 tantam
1033 873 1080 937 in-

65 961 239 1026 solentiam
266 959 407 1042 uenisse,
439 963 476 1024 ut
507 961 578 1045 ipse
606 959 670 1025 sibi
696 960 773 1025 fana
799 961 912 1025 multis
940 961 975 1024 in
997 961 1079 1040 locis

64 1049 286 1115 constitueret.
330 1070 407 1113 nam
436 1070 509 1114 cum
537 1052 643 1113 terras
667 1049 828 1134 circuiret,
853 1050 947 1114 utin
970 1072 1079 1134 quam-

66 1160 202 1222 cumque
216 1138 382 1223 regionem
397 1141 542 1221 uenerat,
556 1159 649 1224 reges
665 1137 870 1223 prinoipesue
884 1139 1079 1223 populorum

64 1226 208 1311 hospitio
233 1227 297 1291 sibi
320 1231 353 1291 et
376 1225 521 1291 amicitia
545 1226 720 1310 copulabat
748 1229 781 1290 et
809 1248 882 1291 cum
910 1248 1079 1311 equoque

65 1316 298 1402 digrederetur,
327 1315 462 1380 iubebat
495 1314 558 1379 sibi
588 1314 701 1379 fanum
730 1315 832 1380 creari
859 1315 1000 1400 hospitis
1029 1317 1079 1380 sui

64 1405 208 1488 nomine,
227 1404 320 1489 quasi
338 1405 386 1470 ita
404 1407 517 1489 posset
536 1403 699 1468 amicitiae
719 1406 752 1469 et
765 1403 905 1469 foederis
921 1406 1080 1469 memoria

64 1494 259 1559 conseruari.
301 1493 348 1558 sic
370 1493 548 1559 constituta
571 1496 647 1557 sunt
669 1494 792 1576 templa
814 1491 886 1558 Ioui
908 1491 1080 1577 Ataburio‚

64 1583 137 1647 loni
164 1581 350 1647 Labrandio
376 1580 574 1666 (Ataburius
607 1581 694 1646 enim
726 1585 759 1646 et
789 1580 991 1648 Labrandius
1024 1581 1080 1648 ho·

64 1673 164 1757 spites
185 1671 253 1736 eius
274 1675 372 1755 atque
392 1671 557 1735 adiutores
575 1668 714 1734 inbelle
733 1669 890 1756 fuerunt),
910 1671 990 1736 item
1008 1670 1080 1736 Ioui

62 1760 192 1843 Labrio‚
215 1758 288 1825 Ioui
305 1758 451 1843 Molioni,
473 1757 546 1823 Ioui
565 1756 672 1843 (lesio,
696 1761 728 1822 et
751 1781 833 1843 quae
857 1764 932 1825 sunt
950 1760 986 1824 in
1004 1782 1079 1824 eun·

63 1849 138 1914 dem
160 1848 302 1913 modum.
331 1848 418 1933 quod
440 1847 497 1912 ille
520 1847 722 1912 astutissime
746 1848 958 1933 excogitauit,
986 1851 1024 1912 ut
1048 1854 1080 1912 et

62 1939 127 2002 sibi
155 1937 313 2003 honorem
341 1936 487 2002 diuinum
521 1940 554 2000 et
575 1935 762 2022 hospitibus
792 1937 859 2001 suis
887 1941 1079 2022 perpetuum

61 2048 182 2092 nomen
212 2025 394 2109 acquireret
421 2047 495 2090 oum
522 2025 680 2110 religione
710 2024 926 2090 coniunctum.
963 2024 1079 2110 gaude

61 2116 145 2180 bant
168 2136 245 2200 ergo
269 2115 320 2178 illi
347 2118 380 2178 et
406 2114 483 2179 hinc
505 2113 642 2198 imperio
666 2113 735 2179 eius
759 2112 899 2178 libenter
925 2113 1079 2198 obseque-

62 2206 185 2268 bantur
223 2207 256 2268 et
282 2203 424 2268 nominis
458 2202 508 2268 sui
540 2204 648 2287 gratia
674 2202 757 2266 ritus
786 2223 911 2266 annuos
939 2205 972 2266 et
994 2201 1080 2267 festa

60 2293 281 2358 celebrabant.
319 2292 425 2368 simile
455 2291 609 2376 quiddam
636 2293 671 2356 in
700 2289 811 2356 Sicilia
834 2290 913 2355 fecit
941 2288 1079 2375 Aeneas,

60 2404 137 2447 cum
160 2381 309 2446 conditae
337 2381 412 2445 urbi
434 2379 573 2446 Acestae
596 2380 736 2464 hospitis
764 2401 884 2445 nomen
910 2379 1078 2464 imposuit3

60 2475 98 2535 ut
123 2493 197 2536 eam
219 2470 429 2555 postmodum
453 2470 561 2534 laetus
581 2491 618 2534 ao
637 2469 742 2534 libens
762 2471 896 2545 Acestes
919 2468 1079 2556 diligeret,

61 2563 210 2646 augeret,
234 2561 373 2624 ornaret.
409 2559 473 2623 hoo
498 2558 593 2623 modo
617 2558 810 2645 religionem
829 2559 935 2623 cultus
953 2560 1003 2623 sui
1021 2581 1079 2642 per

59 2650 176 2714 orbem
199 2651 306 2712 terrae
324 2646 472 2733 Iuppiter
495 2645 669 2713 seminauit
692 2651 725 2712 et
753 2647 946 2731 exemplum,
962 2647 1078 2711 ceteris

59 2739 102 2802 ad
126 2736 322 2802 imitandum
346 2737 443 2801 dedit.

128 2916 272 2981 Luctoal.
291 2915 386 2980 111:
414 2915 540 2980 Ennius
564 2915 598 2980 in
622 2937 714 2980 sacra
736 2914 876 2979 historia
896 2966 902 2978 .
922 2965 928 2979 .
949 2914 995 2978 sic
1019 2913 1078 2978 ait:
1094 2919 1150 2974 aad

58 3004 178 3070 deinde
201 3003 350 3088 Iuppiter
372 3007 548 3089 postquam
576 3003 767 3088 quinquiens
796 3007 902 3069 terras
930 3001 1079 3068 circuiuit

58 3093 280 3176 omnibusque
303 3093 416 3158 amieis
436 3097 533 3177 atque
552 3093 702 3179 cognatis
722 3093 789 3158 suis
809 3091 947 3176 imperia
966 3090 1078 3154 diuisit

57 3182 259 3268 reliquitque
291 3181 478 3246 hominibus
510 3182 602 3268 leges¹
638 3185 671 3245 et
706 3203 812 3246 mores
851 3179 1078 3264 frumentaque

56 3271 195 3356 parauit
219 3271 386 3355 multaque
411 3271 474 3336 alia
502 3271 588 3336 bona
611 3269 687 3335 fecit
714 3275 746 3336 et
769 3270 949 3335 immortali
973 3269 1079 3354 gloria

58 3360 286 3444 memoriaque
314 3360 447 3425 affectus
477 3360 674 3444 sempiterna
701 3359 903 3424 monimenta
931 3359 982 3423 sui
1007 3357 1079 3421 reli·

58 3451 143 3534 quit,
172 3452 281 3514 aetate
304 3470 437 3532 pessum
465 3453 538 3513 acta
561 3447 595 3510 in
618 3445 717 3512 Oreta
739 3447 842 3511 uitam
865 3443 1078 3510 commutauit

113 3563 274 3605 Faenum
287 3572 421 3606 rolmara
434 3570 596 3603 ROMANOBUH·
846 3555 864 3601 9
