2470 3898
445 92 662 151 PRAEFATIO.
1009 97 1050 160 l'l

42 283 103 326 rem
126 255 232 350 (Suet.
262 259 290 324 d.
313 256 373 322 Iul.
397 253 456 344 51)
479 257 643 342 effutuisti,
671 257 720 324 bic
742 259 910 341 sempsistc'.
957 263 990 324 et
1013 264 1050 326 ut
1076 243 1080 252 ⁴

41 349 206 426 nouissmri
226 346 383 431 temporis
401 349 518 429 poetae
532 344 680 411 Africani
698 368 740 428 qu
756 368 816 431 pro
837 347 958 432 duplici
977 369 1050 415 eon-

42 461 116 504 scns
141 436 307 502 interdurn
333 434 513 520 habebant,
542 435 588 499 sic
616 436 649 499 et
671 439 787 520 poetae
811 437 1049 502 saturnin-iti·

41 547 92 608 que
102 527 297 610 muscast
309 524 410 608 orcha,
430 524 579 605 cebamus
597 525 676 589 ocris
694 523 841 610 arcuque,
858 525 1050 610 pellebatque

40 635 74 680 ca
95 614 173 684 astro
197 614 283 679 tecm
310 609 383 699 (nec
405 612 562 696 intellego
587 633 643 676 cur
666 612 870 678 LMuellerus
895 615 933 680 de
957 637 982 679 r.
1007 638 1049 681 m.

40 727 68 786 p.
82 703 238 768 314111110
252 703 287 767 in
301 723 380 766 uoce
399 701 543 784 liquidas,
558 722 696 785 quacum
710 702 750 766 cf.
767 702 868 784 liquor
887 707 920 768 et
938 704 1049 788 uque,

41 792 212 876 ancipitem
236 791 376 877 primam
408 790 570 874 syllabam
594 789 747 873 explicari
769 789 889 878 neget).
935 813 993 876 per
1016 815 1050 858 se

41 883 144 946 autem
168 882 322 965 apparet,
350 878 503 944 arcendas
528 899 597 942 esse
621 901 640 942 a
663 900 760 944 uersu
783 880 930 945 saturnio
954 881 1050 947 licen-

41 971 101 1034 tias
123 969 360 1051 scaenicorum,
379 967 488 1031 ueluti
517 966 744 1051 pyrrhichium
766 974 880 1050 queunt
901 973 958 1035 aut
982 991 1051 1036 eor-

41 1061 165 1142 reptcm
192 1058 228 1121 in
252 1055 454 1142 Calypsonem
482 1053 543 1141 (sic
570 1059 606 1121 ut
632 1057 667 1120 in
693 1053 771 1143 epse)
796 1058 970 1123 secundam
995 1063 1051 1124 aut

40 1146 183 1230 plautino
195 1166 286 1210 more
296 1145 382 1229 apud
392 1144 554 1210 Naeuium
569 1145 817 1229 pronuntiatum
831 1145 1050 1233 miei(s)troto·

38 1255 97 1302 res..
136 1237 253 1300 contra
276 1233 349 1319 ipso
378 1254 439 1298 usu
467 1235 562 1318 atque
591 1233 821 1298 cousuetudine
844 1236 879 1299 in
902 1237 1050 1302 uersibus

40 1322 194 1390 saturniis
224 1343 320 1406 quam
349 1322 489 1387 maxime
517 1326 674 1406 regnante
698 1323 819 1407 euenit,
841 1327 878 1387 ut
903 1324 1050 1407 syllabae

39 1411 123 1476 haud
144 1433 270 1496 paucae
289 1433 309 1476 a
328 1410 479 1476 scaenicis
499 1414 667 1495 correptae
689 1411 863 1495 pristinam
885 1412 953 1478 illic
977 1414 1051 1480 reti-

39 1503 152 1564 nerent
169 1499 420 1586 longitudinem.
465 1502 594 1563 constat
613 1521 651 1564 ex
674 1500 823 1566 dialectis
845 1501 971 1567 Italicis
995 1499 1051 1589 (cf.

37 1587 228 1654 Buecheleri
251 1589 312 1654 lex.
330 1587 404 1652 Ital.
424 1611 453 1672 p.
473 1585 588 1674 XXX),
611 1588 646 1652 in
667 1591 721 1652 atr
744 1589 923 1675 antiquitus
946 1593 959 1656 i
982 1592 1050 1656 lon-

36 1672 371 1850 titmfllliuluilt
393 1673 1050 1854 tsstfflttlttitlttlttlitt

37 1855 196 1941 suppleo),
221 1855 307 1940 apud
330 1853 492 1920 Naeuium
513 1854 634 1919 streteac‘
653 1856 720 1919 uiri
742 1859 775 1919 et
796 1857 982 1936 fortissimos
1004 1861 1050 1924 ai·

37 1963 104 2008 ros:
132 1965 242 2010 nonne
265 1940 459 2009 temeritatis
483 1941 538 2006 uix
560 1943 776 2028 ignoscendae
800 1945 885 2009 dices
910 1967 994 2031 esse,
1022 1949 1050 2012 si

36 2031 133 2098 hodie
160 2032 269 2098 critici
295 2032 401 2097 nostri
428 2035 570 2117 pergunt
596 2053 764 2096 remouere
791 2031 824 2095 id
854 2033 940 2118 quod
964 2037 1051 2121 apud

37 2119 189 2188 Ouidium
212 2143 279 2186 non
302 2123 392 2185 extat
414 2120 491 2185 alr?
514 2123 549 2185 at
573 2120 628 2204 qui
650 2120 842 2186 historicum
866 2143 900 2186 se
924 2144 994 2187 esse
1017 2127 1051 2189 in

37 2209 87 2272 hie
112 2229 240 2294 quoque
263 2210 361 2275 rebus
383 2209 484 2293 probe
507 2210 614 2295 callet,
638 2209 666 2274 si
685 2231 710 2275 c.
728 2209 767 2275 fr.
787 2208 902 2276 ΑΜΒ
925 2210 1051 2278 inuenit

36 2299 125 2362 solur
150 2298 190 2380 fu
214 2299 279 2380 fe'rc
304 2296 411 2382 Mors,
439 2319 478 2362 ex
505 2299 644 2382 pristino
671 2299 759 2380 ferus
782 2296 836 2386 (cf.
859 2295 942 2385 θήρ,
966 2296 1051 2389 φήρ)

35 2391 152 2452 natum
171 2408 242 2452 esse
260 2387 395 2472 uulgare
417 2387 508 2467 sirus
527 2387 641 2471 diseet3
665 2388 701 2453 in
719 2389 804 2454 dieto
823 2389 946 2455 rustico
966 2391 1051 2456 terret

34 2475 149 2556 pestem
171 2477 275 2559 bocla
297 2475 383 2541 sellus
405 2475 455 2541 be'c
475 2477 596 2542 marceto
619 2477 705 2542 idem
729 2483 885 2562 agnoscet
910 2479 1051 2562 priscum

36 2565 122 2629 salus
143 2559 246 2652 (unde
265 2563 438 2630 Salustius:
461 2563 618 2630 Fleckeis.
639 2587 711 2630 ann.
731 2567 817 2632 1883
837 2591 867 2652 p.
888 2565 968 2654 779)
991 2591 1051 2636 nec

39 2652 142 2718 malas
170 2653 349 2737 temptabit
376 2653 576 2720 coniecturas
605 2651 720 2741 (ueluti
743 2654 793 2720 bc'c
814 2655 913 2721 soleis:
942 2656 979 2720 in
1002 2679 1051 2722 sa-

37 2741 116 2806 lutis
139 2742 301 2807 uocabulo
329 2742 556 2827 praeponendo
586 2743 636 2808 uis
660 2743 768 2827 inest).
813 2743 848 2808 in
873 2744 933 2810 hae
956 2749 1050 2829 parte

37 2831 143 2894 multa
175 2830 385 2896 inueniuntur
416 2831 708 2917 inuenienturque,
745 2833 772 2896 si
806 2833 885 2898 noui
924 2833 1050 2920 lapides

37 2917 70 2982 iu
91 2917 163 2984 dias
187 2918 320 2984 luminis
344 2941 418 2984 oras
437 2919 639 3005 proueniant,
663 2942 744 3004 quae
769 2943 788 2986 a
811 2922 958 2987 doctrina
980 2924 1051 2988 uol-

36 3007 109 3090 gari
141 3007 241 3093 longe
272 3008 432 3073 recedunt.
478 3009 737 3075 uetustissimam
760 3031 945 3075 mensuram
969 3011 1050 3078 Her·

36 3097 111 3162 <eles
139 3093 204 3162 duo
234 3097 331 3162 simul
358 3100 459 3164 testes
491 3097 660 3180 scincum,
692 3098 743 3164 tit.
769 3095 881 3163 Soran.
904 3100 987 3166 deca
1002 3123 1034 3166 m

37 3184 163 3252 donant
175 3185 322 3251 Herco'lei
335 3189 368 3251 et
382 3186 432 3252 tit.
446 3186 580 3251 Mumm.
598 3189 621 3252 4
637 3187 717 3252 boae
735 3187 841 3252 uetlem
854 3188 883 3251 et
895 3189 988 3273 sicce
1004 3211 1036 3256 m

37 3273 184 3340 Heraclia
206 3274 334 3340 calmas
357 3270 405 3360 (iu
429 3298 492 3360 quo
516 3297 612 3340 uersu
639 3275 674 3340 in
702 3276 768 3340 alia
792 3276 961 3342 scansione
985 3301 1051 3344 om-

39 3381 94 3426 nes
123 3361 259 3449 regulae
287 3363 392 3428 adhue
421 3367 532 3428 erutae
557 3362 773 3451 euertuntur):
802 3365 966 3431 retinebat
988 3366 1051 3432 hoc

39 3471 115 3514 usus
133 3473 291 3518 uersuum
311 3453 530 3519 saturniorum
549 3451 748 3536 etiamtum,
772 3474 845 3518 cum
868 3454 965 3538 longe
985 3454 1049 3518 alia
