2494 3888
516 116 673 172 INOERTI.

405 383 590 451 INOERTI
613 393 779 451 odarium.

136 543 223 608 Dum
247 544 425 610 semhiulco
450 544 540 609 sauio

137 655 244 697 meum
267 634 414 718 puellum
437 633 547 698 sanior

137 720 325 806 dulcemque
348 722 462 787 florem
486 719 621 806 spiritus

137 808 220 874 duco
245 831 283 874 ex
307 813 422 894 aperto
445 809 592 891 tramite,

96 912 116 965 ὅ
137 897 247 962 anima
269 900 384 963 intima
406 919 506 984 aegra
529 902 562 962 et
585 896 696 962 saucia

137 986 281 1050 cucurrit
304 986 344 1050 ad
367 987 480 1052 labeas
504 985 586 1050 mihi

135 1074 319 1159 rictumque
342 1075 377 1140 in
400 1075 466 1140 oris
489 1074 639 1159 peruium

136 1166 171 1226 et
193 1162 288 1229 labra
308 1163 403 1249 pueri
425 1162 553 1247 mollia,

135 1252 258 1317 rimata
279 1251 391 1316 itineri
413 1251 585 1334 transitus,

78 1355 116 1404 10
134 1344 173 1404 ut
195 1340 391 1424 transiliret,
412 1340 492 1405 nitit
533 1391 538 1404 .

134 1432 220 1511 tum,
244 1429 272 1493 si
294 1450 405 1494 morae
428 1427 505 1514 quid
526 1428 692 1512 plusculas

134 1515 253 1582 fuisset
275 1517 310 1581 in
333 1521 427 1582 coetu
451 1517 569 1601 osculi,

135 1605 256 1669 amoris
279 1605 351 1690 igni
372 1604 497 1688 percita

134 1693 311 1759 transisset
333 1698 367 1759 et
390 1716 441 1758 me
464 1694 626 1778 linqueret

79 1796 116 1845 15
137 1784 171 1845 et
192 1781 277 1846 mira
298 1804 450 1866 prorsum
473 1804 525 1847 res
549 1783 646 1866 foret,

135 1875 174 1934 ut
195 1870 265 1954 ipse
289 1871 400 1936 fierem
423 1876 584 1956 mortuus,

135 1957 177 2022 ad
198 1980 334 2043 puerum
356 1964 393 2024 at
413 1959 502 2025 intus
524 1959 677 2024 uiuerem.

151 2243 296 2294 menn.
328 2239 397 2296 aaa.
415 2237 481 2293 XIX
500 2245 547 2309 11,
569 2244 585 2293 2
614 2237 740 2293 Platonis
764 2279 770 2293 .
791 2278 797 2292 .
821 2237 963 2293 distichon
987 2235 1095 2293 amicus

75 2327 172 2378 maus,
195 2306 248 2364 cria
267 2307 391 2380 ἄμουσος
411 2310 590 2379 adulescens,
614 2309 645 2364 in
667 2309 762 2379 plures
783 2306 937 2363 uersiculos
962 2309 1095 2365 licentius

7 2392 13 2406 ·
75 2381 250 2450 liberiusque
268 2380 357 2436 uertit
376 2423 404 2436 ..
425 2380 550 2446 subdidi;
569 2382 604 2449 cs.
621 2381 747 2436 Macrcb.
766 2379 793 2433 II
812 2384 951 2450 2,15sqq.
968 2383 973 2448 Ι
991 2387 1004 2435 1
1025 2396 1095 2435 sem-

77 2453 176 2507 hiulco
194 2452 254 2509 edd.
272 2457 326 2508 act.
347 2450 443 2507 Gellii:
463 2451 597 2507 semiulco
618 2452 711 2507 Macr.
729 2453 774 2504 PB
795 2449 863 2508 Gall.
882 2451 997 2519 lullo,
1016 2454 1096 2508 cuius

77 2524 160 2579 ceteri
178 2523 244 2578 libri
266 2522 443 2590 semihiuico,
466 2525 540 2590 sim„
561 2524 693 2592 praeterat
708 2524 745 2592 {2
764 2521 877 2577 suauior
899 2523 976 2581 codd.
998 2523 1066 2579 Gall.

78 2601 96 2650 5
120 2591 222 2649 intima
243 2594 355 2662 addida
383 2592 509 2648 animula
536 2593 635 2649 Carrio
662 2608 750 2662 aegra
771 2608 867 2647 amore
892 2593 1067 2650 Camerarius

79 2671 97 2720 6
116 2664 207 2719 labias
227 2664 321 2721 Macr.
339 2665 417 2720 codd.
433 2665 438 2734 Ι
455 2670 470 2720 7
489 2666 627 2734 rectumq.
643 2664 735 2719 Maur.
750 2665 827 2719 cedd.
845 2667 849 2732 Ι
866 2670 882 2718 9
901 2665 986 2720 itiner
1001 2666 1092 2721 Mac.

79 2735 157 2792 codd.
180 2738 185 2804 Ι
206 2740 239 2790 10
258 2737 291 2789 ut
307 2733 428 2790 transire
447 2736 524 2791 codd.
546 2735 638 2791 Macr-
664 2741 668 2798 Ι
694 2740 728 2789 14
746 2751 791 2789 me
809 2733 981 2804 relinqueret
1000 2737 1092 2792 Macr.

78 2811 113 2874 1³,
141 2807 238 2877 quiet
263 2812 296 2861 15
318 2807 450 2877 prorsus!
468 2811 501 2860 16
524 2803 599 2862 foret
620 2807 680 2862 aaa.
703 2811 769 2862 aeta
797 2806 877 2862 fieret
898 2807 975 2862 codd.
1000 2807 1093 2862 Matr.

79 2879 207 2932 moueret
233 2877 311 2933 codd.
336 2877 405 2933 Gall.
435 2881 439 2944 Ι
470 2882 503 2932 16
525 2877 586 2946 ipse
609 2876 704 2931 fierem
727 2878 838 2946 sempsiz
866 2877 903 2932 ad
928 2892 973 2930 me
997 2876 1094 2931 fierem

79 2949 155 3004 codd.
178 2947 246 3004 Gen.
266 2948 363 3032 Maur,
377 2953 475 3004 cenna
491 2953 605 3003 metram
618 2948 728 3017 pariter
744 2953 770 3002 et
793 2949 958 3003 latinitatem
981 2947 1030 3015 (ad
1048 2964 1093 3003 me

79 3017 582 3158 atlttstltltltttatt
597 3018 911 3159 tattllttt
920 3035 963 3160 a
981 3023 1093 3158 att

83 3162 230 3230 puerulum
248 3162 312 3216 olim
331 3160 483 3230 Hortalus).
