<?xml version="1.0" encoding="UTF-8"?>
<!DOCTYPE html PUBLIC "-//W3C//DTD XHTML 1.0 Transitional//EN"
    "http://www.w3.org/TR/xhtml1/DTD/xhtml1-transitional.dtd">
<html xmlns="http://www.w3.org/1999/xhtml" xml:lang="en" lang="en">
 <head>
  <title>
</title>
<meta http-equiv="Content-Type" content="text/html;charset=utf-8" />
  <meta name='ocr-system' content='tesseract 3.04.00' />
  <meta name='ocr-capabilities' content='ocr_page ocr_carea ocr_par ocr_line ocrx_word'/>
</head>
<body>
  <div class='ocr_page' id='page_1' title='image "./fragmentapoetar00baehgoog_0373.png"; bbox 0 0 2494 3888; ppageno 0'>
   <div class='ocr_carea' id='block_1_1' title="bbox 147 84 784 164">
    <p class='ocr_par' dir='ltr' id='par_1_1' title="bbox 147 84 784 164">
     <span class='ocr_line' id='line_1_1' title="bbox 147 84 784 164; baseline 0 -12"><span class='ocrx_word' id='word_1_1' title='bbox 147 98 213 164; x_wconf 85' lang='lat'><strong>366</strong></span> <span class='ocrx_word' id='word_1_2' title='bbox 564 95 744 152; x_wconf 77' lang='lat' dir='ltr'><strong>suenrus.</strong></span> <span class='ocrx_word' id='word_1_3' title='bbox 781 84 784 90; x_wconf 80' lang='grc'>’</span> 
     </span>
    </p>
   </div>
   <div class='ocr_carea' id='block_1_2' title="bbox 111 257 1240 698">
    <p class='ocr_par' dir='ltr' id='par_1_2' title="bbox 111 257 1240 698">
     <span class='ocr_line' id='line_1_2' title="bbox 111 257 1178 342; baseline 0 -18"><span class='ocrx_word' id='word_1_4' title='bbox 111 267 130 324; x_wconf 75' lang='lat'>2</span> <span class='ocrx_word' id='word_1_5' title='bbox 215 261 290 326; x_wconf 77' lang='lat' dir='ltr'><strong>taber</strong></span> <span class='ocrx_word' id='word_1_6' title='bbox 307 264 515 325; x_wconf 64' lang='lat' dir='ltr'><strong>maistrorum</strong></span> <span class='ocrx_word' id='word_1_7' title='bbox 531 258 578 323; x_wconf 89' lang='grc' dir='ltr'><strong>ΙΙ</strong></span> <span class='ocrx_word' id='word_1_8' title='bbox 592 263 629 326; x_wconf 85' lang='grc'><strong>8;</strong></span> <span class='ocrx_word' id='word_1_9' title='bbox 652 258 829 342; x_wconf 77' lang='lat' dir='ltr'><strong>pantheras</strong></span> <span class='ocrx_word' id='word_1_10' title='bbox 847 259 995 341; x_wconf 86' lang='lat' dir='ltr'><strong>..poeta</strong></span> <span class='ocrx_word' id='word_1_11' title='bbox 1013 257 1178 326; x_wconf 86' lang='lat' dir='ltr'><strong>Lucanus</strong></span> 
     </span>
     <span class='ocr_line' id='line_1_3' title="bbox 148 346 1177 432; baseline -0.001 -19"><span class='ocrx_word' id='word_1_12' title='bbox 148 349 190 414; x_wconf 89' lang='lat' dir='ltr'><strong>ad</strong></span> <span class='ocrx_word' id='word_1_13' title='bbox 211 349 319 432; x_wconf 86' lang='lat' dir='ltr'><strong>lyram</strong></span> <span class='ocrx_word' id='word_1_14' title='bbox 343 348 465 432; x_wconf 85' lang='lat' dir='ltr'>Orphei</span> <span class='ocrx_word' id='word_1_15' title='bbox 492 369 566 413; x_wconf 89' lang='lat' dir='ltr'><strong>cum</strong></span> <span class='ocrx_word' id='word_1_16' title='bbox 594 346 709 413; x_wconf 84' lang='lat' dir='ltr'><strong>ceteris</strong></span> <span class='ocrx_word' id='word_1_17' title='bbox 739 346 961 412; x_wconf 89' lang='lat' dir='ltr'><strong>animantibus</strong></span> <span class='ocrx_word' id='word_1_18' title='bbox 990 351 1027 413; x_wconf 89' lang='lat' dir='ltr'><strong>et</strong></span> <span class='ocrx_word' id='word_1_19' title='bbox 1051 348 1177 414; x_wconf 85' lang='lat' dir='ltr'><strong>bestiis</strong></span> 
     </span>
     <span class='ocr_line' id='line_1_4' title="bbox 148 433 1240 520; baseline 0 -18"><span class='ocrx_word' id='word_1_20' title='bbox 148 459 168 502; x_wconf 90' lang='lat' dir='ltr'><strong>a</strong></span> <span class='ocrx_word' id='word_1_21' title='bbox 190 437 320 502; x_wconf 89' lang='lat' dir='ltr'><strong>deserto</strong></span> <span class='ocrx_word' id='word_1_22' title='bbox 344 436 503 502; x_wconf 81' lang='lat' dir='ltr'><strong>Thraciae</strong></span> <span class='ocrx_word' id='word_1_23' title='bbox 525 457 585 520; x_wconf 90' lang='lat' dir='ltr'><strong>per</strong></span> <span class='ocrx_word' id='word_1_24' title='bbox 607 457 738 501; x_wconf 89' lang='lat' dir='ltr'><strong>carmen</strong></span> <span class='ocrx_word' id='word_1_25' title='bbox 759 433 948 500; x_wconf 82' lang='lat' dir='ltr'><strong>miserabile</strong></span> <span class='ocrx_word' id='word_1_26' title='bbox 965 441 1178 518; x_wconf 81' lang='lat' dir='ltr'><strong>prouocatss</strong></span> <span class='ocrx_word' id='word_1_27' title='bbox 1239 489 1240 492; x_wconf 15' lang='grc' dir='ltr'>η</span> 
     </span>
     <span class='ocr_line' id='line_1_5' title="bbox 147 523 1240 610; baseline 0.001 -20"><span class='ocrx_word' id='word_1_28' title='bbox 147 524 277 604; x_wconf 87' lang='lat' dir='ltr'><strong>cecinit,</strong></span> <span class='ocrx_word' id='word_1_29' title='bbox 300 525 376 589; x_wconf 93' lang='lat' dir='ltr'><strong>dum</strong></span> <span class='ocrx_word' id='word_1_30' title='bbox 398 527 469 609; x_wconf 90' lang='lat' dir='ltr'><strong>ipse</strong></span> <span class='ocrx_word' id='word_1_31' title='bbox 492 525 599 591; x_wconf 88' lang='lat' dir='ltr'><strong>tristis</strong></span> <span class='ocrx_word' id='word_1_32' title='bbox 627 528 661 589; x_wconf 92' lang='lat' dir='ltr'><strong>et</strong></span> <span class='ocrx_word' id='word_1_33' title='bbox 683 545 831 590; x_wconf 85' lang='lat' dir='ltr'><strong>maerens</strong></span> <span class='ocrx_word' id='word_1_34' title='bbox 859 523 901 588; x_wconf 89' lang='lat' dir='ltr'><strong>ad</strong></span> <span class='ocrx_word' id='word_1_35' title='bbox 927 524 1053 590; x_wconf 89' lang='lat' dir='ltr'><strong>undam</strong></span> <span class='ocrx_word' id='word_1_36' title='bbox 1081 524 1176 610; x_wconf 85' lang='lat' dir='ltr'><strong>Stry·</strong></span> <span class='ocrx_word' id='word_1_37' title='bbox 1239 531 1240 534; x_wconf 73' lang='grc'>’</span> 
     </span>
     <span class='ocr_line' id='line_1_6' title="bbox 148 610 1175 698; baseline -0.001 -20"><span class='ocrx_word' id='word_1_38' title='bbox 148 614 255 680; x_wconf 89' lang='lat' dir='ltr'><strong>monis</strong></span> <span class='ocrx_word' id='word_1_39' title='bbox 278 618 406 698; x_wconf 85' lang='lat' dir='ltr'><strong>raptam</strong></span> <span class='ocrx_word' id='word_1_40' title='bbox 428 613 613 697; x_wconf 77' lang='lat' dir='ltr'><strong>Eurydicen</strong></span> <span class='ocrx_word' id='word_1_41' title='bbox 635 611 832 678; x_wconf 81' lang='lat' dir='ltr'><strong>lacrimabili</strong></span> <span class='ocrx_word' id='word_1_42' title='bbox 854 610 986 677; x_wconf 89' lang='lat' dir='ltr'><strong>defleuit</strong></span> <span class='ocrx_word' id='word_1_43' title='bbox 1010 615 1175 679; x_wconf 88' lang='lat' dir='ltr'><strong>carmine.</strong></span> 
     </span>
    </p>
   </div>
   <div class='ocr_carea' id='block_1_3' title="bbox 113 741 1009 929">
    <p class='ocr_par' dir='ltr' id='par_1_3' title="bbox 113 741 1009 929">
     <span class='ocr_line' id='line_1_7' title="bbox 113 741 884 840; baseline -0.001 -22"><span class='ocrx_word' id='word_1_44' title='bbox 113 760 132 818; x_wconf 78' lang='grc'><strong>8</strong></span> <span class='ocrx_word' id='word_1_45' title='bbox 195 805 213 814; x_wconf 94' lang='grc'><strong>-</strong></span> <span class='ocrx_word' id='word_1_46' title='bbox 229 787 275 814; x_wconf 69' lang='lat' dir='ltr'><strong>uu</strong></span> <span class='ocrx_word' id='word_1_47' title='bbox 292 806 311 815; x_wconf 94' lang='lat'>-</span> <span class='ocrx_word' id='word_1_48' title='bbox 327 786 373 814; x_wconf 80' lang='grc' dir='ltr'><strong>υυ</strong></span> <span class='ocrx_word' id='word_1_49' title='bbox 390 806 408 815; x_wconf 93' lang='grc'>-</span> <span class='ocrx_word' id='word_1_50' title='bbox 431 754 575 840; x_wconf 75' lang='lat' dir='ltr'><strong>gaudent</strong></span> <span class='ocrx_word' id='word_1_51' title='bbox 598 778 618 820; x_wconf 88' lang='lat' dir='ltr'><strong>a</strong></span> <span class='ocrx_word' id='word_1_52' title='bbox 640 741 712 819; x_wconf 86' lang='lat' dir='ltr'><strong>luce</strong></span> <span class='ocrx_word' id='word_1_53' title='bbox 734 754 884 818; x_wconf 85' lang='lat' dir='ltr'><strong>relictam</strong></span> 
     </span>
     <span class='ocr_line' id='line_1_8' title="bbox 192 841 1009 929; baseline 0.001 -22"><span class='ocrx_word' id='word_1_54' title='bbox 192 841 376 928; x_wconf 81' lang='lat' dir='ltr'><strong>Eurydicen</strong></span> <span class='ocrx_word' id='word_1_55' title='bbox 398 845 518 909; x_wconf 90' lang='lat' dir='ltr'><strong>iterum</strong></span> <span class='ocrx_word' id='word_1_56' title='bbox 541 847 708 929; x_wconf 75' lang='lat' dir='ltr'><strong>sperantes</strong></span> <span class='ocrx_word' id='word_1_57' title='bbox 733 841 866 926; x_wconf 90' lang='lat' dir='ltr'><strong>Orphea</strong></span> <span class='ocrx_word' id='word_1_58' title='bbox 888 864 1009 908; x_wconf 90' lang='lat' dir='ltr'><strong>manes.</strong></span> 
     </span>
    </p>
   </div>
   <div class='ocr_carea' id='block_1_4' title="bbox 111 951 1242 1336">
    <p class='ocr_par' dir='ltr' id='par_1_4' title="bbox 111 951 1242 1336">
     <span class='ocr_line' id='line_1_9' title="bbox 111 951 1172 1070; baseline 0.004 -24"><span class='ocrx_word' id='word_1_59' title='bbox 111 991 131 1046; x_wconf 81' lang='lat'>4</span> <span class='ocrx_word' id='word_1_60' title='bbox 216 984 346 1051; x_wconf 68' lang='lat' dir='ltr'><strong>sacrus</strong></span> <span class='ocrx_word' id='word_1_61' title='bbox 363 951 501 1052; x_wconf 70' lang='lat' dir='ltr'><strong>au‘Aen.</strong></span> <span class='ocrx_word' id='word_1_62' title='bbox 525 985 577 1050; x_wconf 79' lang='lat' dir='ltr'><strong>Vr</strong></span> <span class='ocrx_word' id='word_1_63' title='bbox 589 987 672 1050; x_wconf 85' lang='lat'><em>392:</em></span> <span class='ocrx_word' id='word_1_64' title='bbox 695 984 818 1048; x_wconf 72' lang='lat' dir='ltr'><strong>lecum</strong></span> <span class='ocrx_word' id='word_1_65' title='bbox 841 987 892 1048; x_wconf 70' lang='lat' dir='ltr'><strong>ess</strong></span> <span class='ocrx_word' id='word_1_66' title='bbox 915 987 949 1050; x_wconf 75' lang='lat' dir='ltr'><strong>et</strong></span> <span class='ocrx_word' id='word_1_67' title='bbox 968 983 1004 1047; x_wconf 89' lang='lat' dir='ltr'><strong>in</strong></span> <span class='ocrx_word' id='word_1_68' title='bbox 1024 983 1172 1070; x_wconf 78' lang='lat' dir='ltr'><strong>Orpheo,</strong></span> 
     </span>
     <span class='ocr_line' id='line_1_10' title="bbox 149 1070 1242 1159; baseline 0 -21"><span class='ocrx_word' id='word_1_69' title='bbox 149 1072 235 1159; x_wconf 92' lang='lat' dir='ltr'><strong>quod</strong></span> <span class='ocrx_word' id='word_1_70' title='bbox 258 1074 386 1159; x_wconf 89' lang='lat' dir='ltr'><strong>quando</strong></span> <span class='ocrx_word' id='word_1_71' title='bbox 410 1073 566 1139; x_wconf 86' lang='lat' dir='ltr'><strong>Hercules</strong></span> <span class='ocrx_word' id='word_1_72' title='bbox 600 1073 641 1137; x_wconf 91' lang='lat' dir='ltr'><strong>ad</strong></span> <span class='ocrx_word' id='word_1_73' title='bbox 671 1071 794 1138; x_wconf 86' lang='lat' dir='ltr'><strong>inferos</strong></span> <span class='ocrx_word' id='word_1_74' title='bbox 823 1071 1003 1158; x_wconf 86' lang='lat' dir='ltr'><strong>descendit,</strong></span> <span class='ocrx_word' id='word_1_75' title='bbox 1033 1070 1172 1140; x_wconf 83' lang='lat' dir='ltr'><strong>Oharon</strong></span> <span class='ocrx_word' id='word_1_76' title='bbox 1230 1081 1242 1096; x_wconf 72' lang='grc'><strong>”’</strong></span> 
     </span>
     <span class='ocr_line' id='line_1_11' title="bbox 148 1117 1242 1246; baseline 0.002 -21"><span class='ocrx_word' id='word_1_77' title='bbox 148 1162 282 1226; x_wconf 89' lang='lat' dir='ltr'><strong>territus</strong></span> <span class='ocrx_word' id='word_1_78' title='bbox 307 1184 380 1226; x_wconf 90' lang='lat' dir='ltr'><strong>eum</strong></span> <span class='ocrx_word' id='word_1_79' title='bbox 404 1162 517 1227; x_wconf 88' lang='lat' dir='ltr'><strong>statim</strong></span> <span class='ocrx_word' id='word_1_80' title='bbox 542 1161 699 1246; x_wconf 82' lang='lat' dir='ltr'><strong>suscepit:</strong></span> <span class='ocrx_word' id='word_1_81' title='bbox 726 1161 768 1226; x_wconf 92' lang='lat' dir='ltr'><strong>ob</strong></span> <span class='ocrx_word' id='word_1_82' title='bbox 792 1183 890 1244; x_wconf 89' lang='lat' dir='ltr'><strong>quam</strong></span> <span class='ocrx_word' id='word_1_83' title='bbox 912 1182 983 1225; x_wconf 88' lang='lat' dir='ltr'><strong>rem</strong></span> <span class='ocrx_word' id='word_1_84' title='bbox 1006 1183 1099 1228; x_wconf 87' lang='lat' dir='ltr'><strong>anno</strong></span> <span class='ocrx_word' id='word_1_85' title='bbox 1123 1163 1171 1227; x_wconf 88' lang='lat' dir='ltr'><strong>in·</strong></span> <span class='ocrx_word' id='word_1_86' title='bbox 1239 1117 1242 1236; x_wconf 85' lang='lat' dir='ltr'><strong>l</strong></span> 
     </span>
     <span class='ocr_line' id='line_1_12' title="bbox 148 1250 631 1336; baseline 0 -22"><span class='ocrx_word' id='word_1_87' title='bbox 148 1253 244 1336; x_wconf 84' lang='lat' dir='ltr'><strong>tegre</strong></span> <span class='ocrx_word' id='word_1_88' title='bbox 268 1251 303 1315; x_wconf 91' lang='lat' dir='ltr'><strong>in</strong></span> <span class='ocrx_word' id='word_1_89' title='bbox 326 1250 536 1336; x_wconf 90' lang='lat' dir='ltr'><strong>compedibus</strong></span> <span class='ocrx_word' id='word_1_90' title='bbox 559 1251 631 1315; x_wconf 84' lang='lat' dir='ltr'><strong>fnit.</strong></span> 
     </span>
    </p>
   </div>
   <div class='ocr_carea' id='block_1_5' title="bbox 113 1390 1242 1918">
    <p class='ocr_par' dir='ltr' id='par_1_5' title="bbox 113 1390 1242 1918">
     <span class='ocr_line' id='line_1_13' title="bbox 113 1390 1242 1475; baseline 0.004 -23"><span class='ocrx_word' id='word_1_91' title='bbox 113 1397 132 1452; x_wconf 77' lang='grc'><strong>1</strong></span> <span class='ocrx_word' id='word_1_92' title='bbox 216 1390 403 1458; x_wconf 76' lang='lat' dir='ltr'><strong>Seruiusad</strong></span> <span class='ocrx_word' id='word_1_93' title='bbox 420 1391 530 1475; x_wconf 74' lang='lat' dir='ltr'><strong>Gccrp.</strong></span> <span class='ocrx_word' id='word_1_94' title='bbox 543 1391 588 1456; x_wconf 90' lang='grc' dir='ltr'><strong>ΙΙ</strong></span> <span class='ocrx_word' id='word_1_95' title='bbox 603 1396 685 1458; x_wconf 78' lang='lat'><em>389:</em></span> <span class='ocrx_word' id='word_1_96' title='bbox 709 1390 767 1456; x_wconf 87' lang='lat' dir='ltr'><strong>alii</strong></span> <span class='ocrx_word' id='word_1_97' title='bbox 789 1390 901 1456; x_wconf 84' lang='lat' dir='ltr'><strong>dieunt</strong></span> <span class='ocrx_word' id='word_1_98' title='bbox 924 1390 1042 1456; x_wconf 85' lang='lat' dir='ltr'><strong>oscilla</strong></span> <span class='ocrx_word' id='word_1_99' title='bbox 1065 1414 1170 1457; x_wconf 86' lang='lat' dir='ltr'><strong>mem·</strong></span> <span class='ocrx_word' id='word_1_100' title='bbox 1241 1391 1242 1408; x_wconf 64' lang='lat'>¹</span> 
     </span>
     <span class='ocr_line' id='line_1_14' title="bbox 147 1479 1171 1564; baseline 0.002 -20"><span class='ocrx_word' id='word_1_101' title='bbox 147 1480 209 1545; x_wconf 91' lang='lat' dir='ltr'><strong>bra</strong></span> <span class='ocrx_word' id='word_1_102' title='bbox 231 1501 302 1545; x_wconf 89' lang='lat' dir='ltr'><strong>esse</strong></span> <span class='ocrx_word' id='word_1_103' title='bbox 328 1481 437 1545; x_wconf 89' lang='lat' dir='ltr'><strong>uirilia</strong></span> <span class='ocrx_word' id='word_1_104' title='bbox 465 1480 504 1544; x_wconf 87' lang='lat' dir='ltr'><strong>de</strong></span> <span class='ocrx_word' id='word_1_105' title='bbox 526 1480 662 1545; x_wconf 86' lang='lat' dir='ltr'><strong>floribus</strong></span> <span class='ocrx_word' id='word_1_106' title='bbox 685 1479 788 1564; x_wconf 85' lang='lat' dir='ltr'><strong>facta,</strong></span> <span class='ocrx_word' id='word_1_107' title='bbox 815 1501 897 1564; x_wconf 89' lang='lat' dir='ltr'><strong>quae</strong></span> <span class='ocrx_word' id='word_1_108' title='bbox 925 1479 1171 1563; x_wconf 87' lang='lat' dir='ltr'><strong>suspendeban-</strong></span> 
     </span>
     <span class='ocr_line' id='line_1_15' title="bbox 148 1568 1169 1654; baseline 0.001 -22"><span class='ocrx_word' id='word_1_109' title='bbox 148 1572 203 1632; x_wconf 87' lang='lat' dir='ltr'><strong>tur</strong></span> <span class='ocrx_word' id='word_1_110' title='bbox 225 1590 284 1654; x_wconf 90' lang='lat' dir='ltr'><strong>per</strong></span> <span class='ocrx_word' id='word_1_111' title='bbox 306 1569 568 1654; x_wconf 83' lang='lat' dir='ltr'><strong>intercolumnia,</strong></span> <span class='ocrx_word' id='word_1_112' title='bbox 596 1571 642 1633; x_wconf 89' lang='lat' dir='ltr'><strong>ita</strong></span> <span class='ocrx_word' id='word_1_113' title='bbox 669 1572 707 1633; x_wconf 91' lang='lat' dir='ltr'><strong>ut</strong></span> <span class='ocrx_word' id='word_1_114' title='bbox 729 1568 765 1631; x_wconf 92' lang='lat' dir='ltr'><strong>in</strong></span> <span class='ocrx_word' id='word_1_115' title='bbox 787 1589 825 1632; x_wconf 89' lang='lat' dir='ltr'><strong>ea</strong></span> <span class='ocrx_word' id='word_1_116' title='bbox 847 1568 996 1632; x_wconf 88' lang='lat' dir='ltr'><strong>homines</strong></span> <span class='ocrx_word' id='word_1_117' title='bbox 1021 1569 1169 1652; x_wconf 86' lang='lat' dir='ltr'><strong>acceptis</strong></span> 
     </span>
     <span class='ocr_line' id='line_1_16' title="bbox 148 1655 1169 1742; baseline 0 -21"><span class='ocrx_word' id='word_1_118' title='bbox 148 1655 268 1729; x_wconf 85' lang='lat' dir='ltr'><strong>clausis</strong></span> <span class='ocrx_word' id='word_1_119' title='bbox 296 1658 444 1741; x_wconf 86' lang='lat' dir='ltr'><strong>personis</strong></span> <span class='ocrx_word' id='word_1_120' title='bbox 471 1655 690 1742; x_wconf 79' lang='lat' dir='ltr'><strong>impingerent</strong></span> <span class='ocrx_word' id='word_1_121' title='bbox 721 1660 755 1720; x_wconf 89' lang='lat' dir='ltr'><strong>et</strong></span> <span class='ocrx_word' id='word_1_122' title='bbox 786 1678 825 1720; x_wconf 86' lang='lat' dir='ltr'><strong>es</strong></span> <span class='ocrx_word' id='word_1_123' title='bbox 857 1677 912 1720; x_wconf 90' lang='lat' dir='ltr'><strong>ore</strong></span> <span class='ocrx_word' id='word_1_124' title='bbox 940 1655 1107 1741; x_wconf 85' lang='lat' dir='ltr'><strong>eillarent,</strong></span> <span class='ocrx_word' id='word_1_125' title='bbox 1135 1658 1169 1721; x_wconf 91' lang='lat' dir='ltr'><strong>id</strong></span> 
     </span>
     <span class='ocr_line' id='line_1_17' title="bbox 148 1744 1170 1830; baseline 0.001 -21"><span class='ocrx_word' id='word_1_126' title='bbox 148 1748 199 1809; x_wconf 92' lang='lat' dir='ltr'><strong>est</strong></span> <span class='ocrx_word' id='word_1_127' title='bbox 232 1748 416 1828; x_wconf 87' lang='lat' dir='ltr'><strong>mouerent,</strong></span> <span class='ocrx_word' id='word_1_128' title='bbox 448 1746 489 1810; x_wconf 88' lang='lat' dir='ltr'><strong>ad</strong></span> <span class='ocrx_word' id='word_1_129' title='bbox 520 1746 621 1810; x_wconf 89' lang='lat' dir='ltr'><strong>risum</strong></span> <span class='ocrx_word' id='word_1_130' title='bbox 654 1745 777 1830; x_wconf 91' lang='lat' dir='ltr'><strong>populo</strong></span> <span class='ocrx_word' id='word_1_131' title='bbox 809 1744 1095 1830; x_wconf 65' lang='lat' dir='ltr'><strong>commonendum</strong></span> <span class='ocrx_word' id='word_1_132' title='bbox 1136 1753 1170 1810; x_wconf 89' lang='lat' dir='ltr'><strong>et</strong></span> 
     </span>
     <span class='ocr_line' id='line_1_18' title="bbox 148 1832 1242 1918; baseline -0.001 -20"><span class='ocrx_word' id='word_1_133' title='bbox 148 1833 268 1899; x_wconf 89' lang='lat' dir='ltr'><strong>hocin</strong></span> <span class='ocrx_word' id='word_1_134' title='bbox 291 1832 424 1918; x_wconf 88' lang='lat' dir='ltr'><strong>Orpheo</strong></span> <span class='ocrx_word' id='word_1_135' title='bbox 446 1833 566 1899; x_wconf 83' lang='lat' dir='ltr'><strong>lectum</strong></span> <span class='ocrx_word' id='word_1_136' title='bbox 590 1836 650 1898; x_wconf 89' lang='lat' dir='ltr'><strong>est.</strong></span> <span class='ocrx_word' id='word_1_137' title='bbox 1240 1833 1242 1874; x_wconf 71' lang='lat' dir='ltr'><strong>l</strong></span> 
     </span>
    </p>
   </div>
   <div class='ocr_carea' id='block_1_6' title="bbox 112 1972 1071 2148">
    <p class='ocr_par' dir='ltr' id='par_1_6' title="bbox 112 1972 1071 2148">
     <span class='ocr_line' id='line_1_19' title="bbox 112 1972 1071 2060; baseline 0.004 -25"><span class='ocrx_word' id='word_1_138' title='bbox 112 1980 132 2035; x_wconf 78' lang='grc'><strong>6</strong></span> <span class='ocrx_word' id='word_1_139' title='bbox 193 1997 279 2039; x_wconf 85' lang='lat' dir='ltr'><strong>nune</strong></span> <span class='ocrx_word' id='word_1_140' title='bbox 301 1975 416 2059; x_wconf 90' lang='lat' dir='ltr'><strong>plenas</strong></span> <span class='ocrx_word' id='word_1_141' title='bbox 439 1997 576 2060; x_wconf 82' lang='lat' dir='ltr'><strong>posuere</strong></span> <span class='ocrx_word' id='word_1_142' title='bbox 599 1975 689 2040; x_wconf 90' lang='lat' dir='ltr'><strong>colos</strong></span> <span class='ocrx_word' id='word_1_143' title='bbox 713 1978 745 2040; x_wconf 90' lang='lat' dir='ltr'><strong>et</strong></span> <span class='ocrx_word' id='word_1_144' title='bbox 770 1974 909 2039; x_wconf 88' lang='lat' dir='ltr'><strong>stamina</strong></span> <span class='ocrx_word' id='word_1_145' title='bbox 932 1972 1071 2060; x_wconf 84' lang='lat' dir='ltr'><strong>Pareae,</strong></span> 
     </span>
     <span class='ocr_line' id='line_1_20' title="bbox 194 2061 943 2148; baseline -0.003 -20"><span class='ocrx_word' id='word_1_146' title='bbox 194 2061 360 2148; x_wconf 90' lang='lat' dir='ltr'><strong>multaque</strong></span> <span class='ocrx_word' id='word_1_147' title='bbox 384 2063 496 2129; x_wconf 90' lang='lat' dir='ltr'><strong>dilatis</strong></span> <span class='ocrx_word' id='word_1_148' title='bbox 519 2063 694 2128; x_wconf 87' lang='lat' dir='ltr'><strong>haeserunt</strong></span> <span class='ocrx_word' id='word_1_149' title='bbox 717 2063 847 2128; x_wconf 87' lang='lat' dir='ltr'><strong>saecula</strong></span> <span class='ocrx_word' id='word_1_150' title='bbox 868 2061 943 2127; x_wconf 89' lang='lat' dir='ltr'><strong>filis.</strong></span> 
     </span>
    </p>
   </div>
   <div class='ocr_carea' id='block_1_7' title="bbox 546 2257 763 2324">
    <p class='ocr_par' dir='ltr' id='par_1_7' title="bbox 546 2257 763 2324">
     <span class='ocr_line' id='line_1_21' title="bbox 546 2257 763 2324; baseline -0.005 0"><span class='ocrx_word' id='word_1_151' title='bbox 546 2268 592 2324; x_wconf 87' lang='lat' dir='ltr'><strong>H.</strong></span> <span class='ocrx_word' id='word_1_152' title='bbox 623 2257 763 2324; x_wconf 76' lang='lat' dir='ltr'><strong>Ilissos.</strong></span> 
     </span>
    </p>
   </div>
   <div class='ocr_carea' id='block_1_8' title="bbox 115 2399 972 2483">
    <p class='ocr_par' dir='ltr' id='par_1_8' title="bbox 115 2399 972 2483">
     <span class='ocr_line' id='line_1_22' title="bbox 115 2399 972 2483; baseline -0.004 -23"><span class='ocrx_word' id='word_1_153' title='bbox 115 2406 130 2460; x_wconf 77' lang='grc'><strong>1</strong></span> <span class='ocrx_word' id='word_1_154' title='bbox 196 2403 295 2483; x_wconf 88' lang='lat' dir='ltr'><strong>atque</strong></span> <span class='ocrx_word' id='word_1_155' title='bbox 317 2399 463 2465; x_wconf 86' lang='lat' dir='ltr'><strong>Helenae</strong></span> <span class='ocrx_word' id='word_1_156' title='bbox 485 2399 635 2464; x_wconf 82' lang='lat' dir='ltr'><strong>timuisse</strong></span> <span class='ocrx_word' id='word_1_157' title='bbox 658 2400 734 2464; x_wconf 92' lang='lat' dir='ltr'><strong>deos</strong></span> <span class='ocrx_word' id='word_1_158' title='bbox 756 2430 802 2458; x_wconf 81' lang='grc' dir='ltr'><strong>υυ</strong></span> <span class='ocrx_word' id='word_1_159' title='bbox 819 2449 837 2458; x_wconf 94' lang='grc'>-</span> <span class='ocrx_word' id='word_1_160' title='bbox 854 2429 901 2458; x_wconf 68' lang='lat' dir='ltr'><strong>uc</strong></span> <span class='ocrx_word' id='word_1_161' title='bbox 918 2447 936 2457; x_wconf 93' lang='lat'><em>.</em></span> <span class='ocrx_word' id='word_1_162' title='bbox 953 2447 972 2457; x_wconf 95' lang='lat'>.</span> 
     </span>
    </p>
   </div>
   <div class='ocr_carea' id='block_1_9' title="bbox 148 2542 362 2552">
    <p class='ocr_par' dir='ltr' id='par_1_9' title="bbox 148 2542 362 2552">
     <span class='ocr_line' id='line_1_23' title="bbox 148 2542 362 2552; baseline 0.009 -2"><span class='ocrx_word' id='word_1_163' title='bbox 148 2542 362 2552; x_wconf 73' lang='lat'><strong>————--.-</strong></span> 
     </span>
    </p>
   </div>
   <div class='ocr_carea' id='block_1_10' title="bbox 148 2607 1242 3530">
    <p class='ocr_par' dir='ltr' id='par_1_10' title="bbox 148 2607 1242 3530">
     <span class='ocr_line' id='line_1_24' title="bbox 150 2607 1161 2680; baseline 0.001 -13"><span class='ocrx_word' id='word_1_164' title='bbox 150 2617 201 2667; x_wconf 75' lang='lat'><strong>221</strong></span> <span class='ocrx_word' id='word_1_165' title='bbox 217 2626 230 2665; x_wconf 83' lang='lat' dir='ltr'><strong>s</strong></span> <span class='ocrx_word' id='word_1_166' title='bbox 248 2611 283 2680; x_wconf 73' lang='lat' dir='ltr'><strong>p.)</strong></span> <span class='ocrx_word' id='word_1_167' title='bbox 302 2609 378 2665; x_wconf 81' lang='grc'><strong>1113</strong></span> <span class='ocrx_word' id='word_1_168' title='bbox 402 2609 500 2680; x_wconf 83' lang='lat' dir='ltr'><strong>Hydra</strong></span> <span class='ocrx_word' id='word_1_169' title='bbox 522 2607 622 2678; x_wconf 80' lang='lat' dir='ltr'><strong>anguis</strong></span> <span class='ocrx_word' id='word_1_170' title='bbox 642 2610 767 2662; x_wconf 82' lang='lat' dir='ltr'><strong>armatus</strong></span> <span class='ocrx_word' id='word_1_171' title='bbox 784 2607 869 2662; x_wconf 84' lang='lat' dir='ltr'><strong>fuisse</strong></span> <span class='ocrx_word' id='word_1_172' title='bbox 888 2607 1070 2678; x_wconf 85' lang='lat' dir='ltr'><strong>describitur,</strong></span> <span class='ocrx_word' id='word_1_173' title='bbox 1093 2628 1161 2680; x_wconf 84' lang='lat' dir='ltr'><strong>quse</strong></span> 
     </span>
     <span class='ocr_line' id='line_1_25' title="bbox 148 2677 1162 2751; baseline 0.002 -14"><span class='ocrx_word' id='word_1_174' title='bbox 148 2683 223 2750; x_wconf 82' lang='lat' dir='ltr'><strong>Eury</strong></span> <span class='ocrx_word' id='word_1_175' title='bbox 246 2683 308 2736; x_wconf 86' lang='lat' dir='ltr'><strong>&#39;cen</strong></span> <span class='ocrx_word' id='word_1_176' title='bbox 330 2680 480 2750; x_wconf 83' lang='lat' dir='ltr'><strong>coniugem</strong></span> <span class='ocrx_word' id='word_1_177' title='bbox 503 2679 607 2751; x_wconf 85' lang='lat' dir='ltr'><strong>Orphei</strong></span> <span class='ocrx_word' id='word_1_178' title='bbox 631 2679 662 2733; x_wconf 92' lang='lat' dir='ltr'><strong>in</strong></span> <span class='ocrx_word' id='word_1_179' title='bbox 679 2677 743 2748; x_wconf 86' lang='lat' dir='ltr'><strong>ripa</strong></span> <span class='ocrx_word' id='word_1_180' title='bbox 760 2677 883 2734; x_wconf 87' lang='lat' dir='ltr'><strong>fluminis</strong></span> <span class='ocrx_word' id='word_1_181' title='bbox 906 2679 999 2749; x_wconf 86' lang='lat' dir='ltr'><strong>capita</strong></span> <span class='ocrx_word' id='word_1_182' title='bbox 1019 2681 1162 2738; x_wconf 64' lang='lat' dir='ltr'><strong>nunaut</strong></span> 
     </span>
     <span class='ocr_line' id='line_1_26' title="bbox 149 2748 1161 2822; baseline -0.001 -11"><span class='ocrx_word' id='word_1_183' title='bbox 149 2759 179 2811; x_wconf 84' lang='lat' dir='ltr'><strong>at</strong></span> <span class='ocrx_word' id='word_1_184' title='bbox 196 2752 332 2808; x_wconf 88' lang='lat' dir='ltr'><strong>demersit</strong></span> <span class='ocrx_word' id='word_1_185' title='bbox 347 2751 378 2808; x_wconf 90' lang='lat' dir='ltr'><strong>in</strong></span> <span class='ocrx_word' id='word_1_186' title='bbox 396 2751 538 2822; x_wconf 81' lang='lat' dir='ltr'><strong>gurgitem</strong></span> <span class='ocrx_word' id='word_1_187' title='bbox 561 2753 591 2806; x_wconf 86' lang='lat' dir='ltr'><strong>st</strong></span> <span class='ocrx_word' id='word_1_188' title='bbox 612 2748 687 2806; x_wconf 78' lang='lat' dir='ltr'><strong>sicut</strong></span> <span class='ocrx_word' id='word_1_189' title='bbox 705 2749 802 2820; x_wconf 85' lang='lat' dir='ltr'><strong>Scylla</strong></span> <span class='ocrx_word' id='word_1_190' title='bbox 822 2749 955 2806; x_wconf 78' lang='lat' dir='ltr'><strong>monstris</strong></span> <span class='ocrx_word' id='word_1_191' title='bbox 978 2749 1023 2806; x_wconf 87' lang='lat' dir='ltr'><strong>ita</strong></span> <span class='ocrx_word' id='word_1_192' title='bbox 1046 2753 1077 2807; x_wconf 83' lang='lat' dir='ltr'><strong>et</strong></span> <span class='ocrx_word' id='word_1_193' title='bbox 1093 2753 1161 2810; x_wconf 79' lang='lat' dir='ltr'><strong>haec</strong></span> 
     </span>
     <span class='ocr_line' id='line_1_27' title="bbox 149 2818 1242 2896; baseline -0.004 -14"><span class='ocrx_word' id='word_1_194' title='bbox 149 2824 326 2896; x_wconf 84' lang='lat' dir='ltr'><strong>serpentibus</strong></span> <span class='ocrx_word' id='word_1_195' title='bbox 343 2822 507 2893; x_wconf 84' lang='lat' dir='ltr'><strong>praecincta</strong></span> <span class='ocrx_word' id='word_1_196' title='bbox 527 2823 614 2878; x_wconf 82' lang='lat' dir='ltr'><strong>fuisse</strong></span> <span class='ocrx_word' id='word_1_197' title='bbox 636 2818 752 2890; x_wconf 81' lang='lat' dir='ltr'><strong>fingitur</strong></span> <span class='ocrx_word' id='word_1_198' title='bbox 778 2823 788 2892; x_wconf 82' lang='grc' dir='ltr'><strong>ΙΙ</strong></span> <span class='ocrx_word' id='word_1_199' title='bbox 815 2827 831 2875; x_wconf 85' lang='lat'><em>8</em></span> <span class='ocrx_word' id='word_1_200' title='bbox 850 2820 929 2877; x_wconf 75' lang='lat' dir='ltr'><strong>Sam.</strong></span> <span class='ocrx_word' id='word_1_201' title='bbox 947 2821 986 2877; x_wconf 82' lang='lat' dir='ltr'><strong>ad</strong></span> <span class='ocrx_word' id='word_1_202' title='bbox 1006 2820 1104 2894; x_wconf 70' lang='lat' dir='ltr'><strong>(dewy.</strong></span> <span class='ocrx_word' id='word_1_203' title='bbox 1123 2824 1161 2878; x_wconf 85' lang='lat' dir='ltr'><strong>IV</strong></span> <span class='ocrx_word' id='word_1_204' title='bbox 1241 2851 1242 2860; x_wconf 43' lang='lat'>¹</span> 
     </span>
     <span class='ocr_line' id='line_1_28' title="bbox 149 2890 1161 2966; baseline -0.005 -12"><span class='ocrx_word' id='word_1_205' title='bbox 149 2904 202 2954; x_wconf 80' lang='lat'><strong>493</strong></span> <span class='ocrx_word' id='word_1_206' title='bbox 220 2895 303 2966; x_wconf 88' lang='lat' dir='ltr'><strong>quasi</strong></span> <span class='ocrx_word' id='word_1_207' title='bbox 321 2895 479 2950; x_wconf 77' lang='lat' dir='ltr'><strong>exultarent</strong></span> <span class='ocrx_word' id='word_1_208' title='bbox 496 2894 613 2949; x_wconf 84' lang='lat' dir='ltr'><strong>umbrae</strong></span> <span class='ocrx_word' id='word_1_209' title='bbox 631 2891 771 2948; x_wconf 84' lang='lat' dir='ltr'><strong>redditam</strong></span> <span class='ocrx_word' id='word_1_210' title='bbox 789 2891 957 2962; x_wconf 76' lang='lat' dir='ltr'><strong>Eurydicen.</strong></span> <span class='ocrx_word' id='word_1_211' title='bbox 985 2890 1114 2949; x_wconf 82' lang='lat' dir='ltr'><strong>Lucanus</strong></span> <span class='ocrx_word' id='word_1_212' title='bbox 1132 2895 1161 2950; x_wconf 89' lang='lat' dir='ltr'><strong>in</strong></span> 
     </span>
     <span class='ocr_line' id='line_1_29' title="bbox 149 2962 1242 3038; baseline -0.003 -14"><span class='ocrx_word' id='word_1_213' title='bbox 149 2968 261 3038; x_wconf 87' lang='lat' dir='ltr'><strong>Orpheo</strong></span> <span class='ocrx_word' id='word_1_214' title='bbox 280 2966 350 3022; x_wconf 88' lang='lat' dir='ltr'><strong>dicit</strong></span> <span class='ocrx_word' id='word_1_215' title='bbox 368 2965 517 3035; x_wconf 84' lang='lat' dir='ltr'><strong>strepitum</strong></span> <span class='ocrx_word' id='word_1_216' title='bbox 534 2965 640 3020; x_wconf 86' lang='lat' dir='ltr'><strong>factum</strong></span> <span class='ocrx_word' id='word_1_217' title='bbox 654 2963 790 3018; x_wconf 85' lang='lat' dir='ltr'><strong>redeunte</strong></span> <span class='ocrx_word' id='word_1_218' title='bbox 803 2962 941 3032; x_wconf 77' lang='lat' dir='ltr'><strong>Eurydice</strong></span> <span class='ocrx_word' id='word_1_219' title='bbox 956 2962 992 3018; x_wconf 92' lang='lat' dir='ltr'><strong>ob</strong></span> <span class='ocrx_word' id='word_1_220' title='bbox 1005 2963 1061 3020; x_wconf 84' lang='lat' dir='ltr'><strong>hoo</strong></span> <span class='ocrx_word' id='word_1_221' title='bbox 1075 2965 1139 3034; x_wconf 88' lang='lat' dir='ltr'><strong>quia</strong></span> <span class='ocrx_word' id='word_1_222' title='bbox 1155 2965 1158 3038; x_wconf 76' lang='lat' dir='ltr'><strong>l</strong></span> <span class='ocrx_word' id='word_1_223' title='bbox 1241 3021 1242 3034; x_wconf 54' lang='grc'>,</span> 
     </span>
     <span class='ocr_line' id='line_1_30' title="bbox 148 3035 1231 3108; baseline -0.004 -14"><span class='ocrx_word' id='word_1_224' title='bbox 148 3042 294 3096; x_wconf 81' lang='lat' dir='ltr'><strong>reductam</strong></span> <span class='ocrx_word' id='word_1_225' title='bbox 311 3037 517 3108; x_wconf 71' lang='lat' dir='ltr'><strong>Bmmaaausl</strong></span> <span class='ocrx_word' id='word_1_226' title='bbox 534 3036 691 3104; x_wconf 64' lang='lat' dir='ltr'><strong>fragmenta</strong></span> <span class='ocrx_word' id='word_1_227' title='bbox 709 3040 726 3088; x_wconf 81' lang='lat'>4</span> <span class='ocrx_word' id='word_1_228' title='bbox 744 3040 770 3090; x_wconf 84' lang='lat' dir='ltr'><strong>et</strong></span> <span class='ocrx_word' id='word_1_229' title='bbox 788 3039 805 3090; x_wconf 74' lang='grc' dir='ltr'>ὁ</span> <span class='ocrx_word' id='word_1_230' title='bbox 822 3037 876 3090; x_wconf 76' lang='lat' dir='ltr'><strong>tac</strong></span> <span class='ocrx_word' id='word_1_231' title='bbox 892 3035 999 3090; x_wconf 80' lang='lat' dir='ltr'><strong>rettulit</strong></span> <span class='ocrx_word' id='word_1_232' title='bbox 1016 3035 1160 3106; x_wconf 72' lang='lat' dir='ltr'><strong>Hcsptiacs</strong></span> <span class='ocrx_word' id='word_1_233' title='bbox 1220 3067 1231 3090; x_wconf 44' lang='grc' dir='ltr'><strong><em>κ</em></strong></span> 
     </span>
     <span class='ocr_line' id='line_1_31' title="bbox 149 3105 1157 3180; baseline -0.002 -14"><span class='ocrx_word' id='word_1_234' title='bbox 149 3126 239 3180; x_wconf 81' lang='lat' dir='ltr'><strong>opusc.</strong></span> <span class='ocrx_word' id='word_1_235' title='bbox 258 3108 285 3163; x_wconf 93' lang='lat' dir='ltr'><strong>Il</strong></span> <span class='ocrx_word' id='word_1_236' title='bbox 303 3114 369 3175; x_wconf 77' lang='lat'><strong>2193</strong></span> <span class='ocrx_word' id='word_1_237' title='bbox 392 3107 507 3175; x_wconf 73' lang='lat' dir='ltr'><strong>fortusse</strong></span> <span class='ocrx_word' id='word_1_238' title='bbox 524 3107 577 3162; x_wconf 81' lang='lat' dir='ltr'><strong>buc</strong></span> <span class='ocrx_word' id='word_1_239' title='bbox 594 3106 754 3173; x_wconf 61' lang='lat' dir='ltr'><strong>refermus</strong></span> <span class='ocrx_word' id='word_1_240' title='bbox 776 3111 814 3161; x_wconf 87' lang='lat' dir='ltr'><strong>est</strong></span> <span class='ocrx_word' id='word_1_241' title='bbox 837 3107 919 3161; x_wconf 79' lang='lat' dir='ltr'><strong>etiam</strong></span> <span class='ocrx_word' id='word_1_242' title='bbox 937 3105 1016 3163; x_wconf 79' lang='lat' dir='ltr'><strong>Seru.</strong></span> <span class='ocrx_word' id='word_1_243' title='bbox 1036 3107 1073 3162; x_wconf 80' lang='lat' dir='ltr'><strong>sd</strong></span> <span class='ocrx_word' id='word_1_244' title='bbox 1090 3107 1157 3164; x_wconf 77' lang='lat' dir='ltr'><strong>Aca.</strong></span> 
     </span>
     <span class='ocr_line' id='line_1_32' title="bbox 149 3175 1158 3249; baseline -0.001 -15"><span class='ocrx_word' id='word_1_245' title='bbox 149 3181 189 3234; x_wconf 88' lang='lat' dir='ltr'><strong>VI</strong></span> <span class='ocrx_word' id='word_1_246' title='bbox 206 3185 259 3235; x_wconf 78' lang='lat' dir='ltr'><strong>bat</strong></span> <span class='ocrx_word' id='word_1_247' title='bbox 277 3180 366 3235; x_wconf 81' lang='lat' dir='ltr'><strong>fertur</strong></span> <span class='ocrx_word' id='word_1_248' title='bbox 384 3194 505 3246; x_wconf 87' lang='lat' dir='ltr'><strong>namque</strong></span> <span class='ocrx_word' id='word_1_249' title='bbox 523 3177 553 3233; x_wconf 88' lang='lat' dir='ltr'><strong>in</strong></span> <span class='ocrx_word' id='word_1_250' title='bbox 571 3177 623 3249; x_wconf 81' lang='lat' dir='ltr'><strong>[sic</strong></span> <span class='ocrx_word' id='word_1_251' title='bbox 640 3193 701 3246; x_wconf 75' lang='lat' dir='ltr'><strong>eyoz</strong></span> <span class='ocrx_word' id='word_1_252' title='bbox 720 3176 757 3232; x_wconf 84' lang='lat' dir='ltr'><strong>ab</strong></span> <span class='ocrx_word' id='word_1_253' title='bbox 775 3177 867 3248; x_wconf 80' lang='lat' dir='ltr'><strong>codd]</strong></span> <span class='ocrx_word' id='word_1_254' title='bbox 886 3175 1008 3246; x_wconf 85' lang='lat' dir='ltr'><strong>Orpheo,</strong></span> <span class='ocrx_word' id='word_1_255' title='bbox 1026 3177 1103 3247; x_wconf 88' lang='lat' dir='ltr'><strong>quod</strong></span> <span class='ocrx_word' id='word_1_256' title='bbox 1120 3177 1158 3233; x_wconf 90' lang='lat' dir='ltr'><strong>dii</strong></span> 
     </span>
     <span class='ocr_line' id='line_1_33' title="bbox 148 3247 1156 3389; baseline 0.005 -18"><span class='ocrx_word' id='word_1_257' title='bbox 148 3247 1156 3389; x_wconf 49' lang='grc'><strong>11111111111111111111111111111111111111</strong></span> 
     </span>
     <span class='ocr_line' id='line_1_34' title="bbox 148 3385 1153 3459; baseline 0.007 -19"><span class='ocrx_word' id='word_1_258' title='bbox 148 3387 222 3440; x_wconf 85' lang='lat' dir='ltr'><strong>unde</strong></span> <span class='ocrx_word' id='word_1_259' title='bbox 240 3385 306 3440; x_wconf 87' lang='lat' dir='ltr'><strong>Luc.</strong></span> <span class='ocrx_word' id='word_1_260' title='bbox 326 3386 361 3439; x_wconf 85' lang='lat' dir='ltr'><strong>de</strong></span> <span class='ocrx_word' id='word_1_261' title='bbox 380 3387 492 3454; x_wconf 86' lang='lat' dir='ltr'><strong>Orpheo</strong></span> <span class='ocrx_word' id='word_1_262' title='bbox 516 3391 521 3454; x_wconf 93' lang='grc' dir='ltr'>Ι</span> <span class='ocrx_word' id='word_1_263' title='bbox 546 3386 684 3442; x_wconf 71' lang='lat' dir='ltr'><strong>adeletia</strong></span> <span class='ocrx_word' id='word_1_264' title='bbox 707 3391 804 3459; x_wconf 76' lang='lat' dir='ltr'><strong>aalys,</strong></span> <span class='ocrx_word' id='word_1_265' title='bbox 828 3391 936 3446; x_wconf 62' lang='lat' dir='ltr'><strong>corrasa</strong></span> <span class='ocrx_word' id='word_1_266' title='bbox 957 3391 967 3459; x_wconf 76' lang='lat' dir='ltr'><strong>l</strong></span> <span class='ocrx_word' id='word_1_267' title='bbox 989 3391 1103 3447; x_wconf 67' lang='lat' dir='ltr'><strong>scau.</strong></span> <span class='ocrx_word' id='word_1_268' title='bbox 1120 3393 1153 3447; x_wconf 84' lang='lat' dir='ltr'><strong>cd</strong></span> 
     </span>
     <span class='ocr_line' id='line_1_35' title="bbox 155 3454 1154 3530; baseline 0.009 -22"><span class='ocrx_word' id='word_1_269' title='bbox 155 3454 220 3508; x_wconf 58' lang='lat' dir='ltr'><strong>otat.</strong></span> <span class='ocrx_word' id='word_1_270' title='bbox 241 3454 321 3507; x_wconf 79' lang='lat' dir='ltr'><strong>Theb.</strong></span> <span class='ocrx_word' id='word_1_271' title='bbox 341 3454 380 3506; x_wconf 91' lang='lat' dir='ltr'><strong>Ill</strong></span> <span class='ocrx_word' id='word_1_272' title='bbox 399 3460 450 3508; x_wconf 80' lang='lat'><strong>641</strong></span> <span class='ocrx_word' id='word_1_273' title='bbox 470 3460 502 3510; x_wconf 88' lang='lat' dir='ltr'><strong>ut</strong></span> <span class='ocrx_word' id='word_1_274' title='bbox 520 3456 649 3513; x_wconf 84' lang='lat' dir='ltr'><strong>Lucanus</strong></span> <span class='ocrx_word' id='word_1_275' title='bbox 667 3458 774 3515; x_wconf 86' lang='lat' dir='ltr'><strong>Iliacon</strong></span> <span class='ocrx_word' id='word_1_276' title='bbox 795 3460 888 3530; x_wconf 83' lang='lat' dir='ltr'><strong>[hillis</strong></span> <span class='ocrx_word' id='word_1_277' title='bbox 906 3477 960 3516; x_wconf 87' lang='lat' dir='ltr'><strong>con</strong></span> <span class='ocrx_word' id='word_1_278' title='bbox 979 3461 1060 3517; x_wconf 73' lang='lat' dir='ltr'><strong>noa.</strong></span> <span class='ocrx_word' id='word_1_279' title='bbox 1079 3461 1154 3517; x_wconf 81' lang='lat' dir='ltr'><strong>hilis-</strong></span> 
     </span>
    </p>
   </div>
   <div class='ocr_carea' id='block_1_11' title="bbox 0 0 1252 3888">
    <p class='ocr_par' dir='ltr' id='par_1_11' title="bbox 0 0 1252 3888">
     <span class='ocr_line' id='line_1_36' title="bbox 0 0 1252 3888; baseline 0 1"><span class='ocrx_word' id='word_1_280' title='bbox 0 0 1252 3888; x_wconf 95' lang='lat' dir='ltr'><strong> </strong></span> 
     </span>
    </p>
   </div>
  </div>
 </body>
</html>
